2253 2991
236 103 1893 294 {Zissffissassssaffissssffiffissaffiaa

911 366 947 423 1.
1027 366 1099 425 N.
1182 368 1224 425 Ι,
1314 352 1315 357 ’

310 591 323 603 ,
496 457 1548 560 ‚PRooaM-avM,

353 609 486 668 „Vris
520 609 782 680 Romani,
808 609 955 686 quod
990 629 1092 686 per
1124 612 1477 673 excellentiam
1513 614 1680 672 Ciuile
1719 614 1880 685 audit,

398 703 490 743 aut
525 690 769 744 materias
802 687 1053 764 quasdam
1090 690 1375 767 singulares
1419 692 1509 748 fibi
1552 691 1879 749 illustrandas

263 786 267 791 ·
396 763 619 834 sumere,
641 783 732 822 aut
757 765 931 841 legeS‚
959 766 1156 842 aliaque
1182 771 1234 824 in
1264 768 1351 825 illo
1370 774 1686 846 peregrinae
1717 770 1876 844 legis-

391 841 595 898 lationis
611 841 855 899 theffiuro
877 845 1147 901 recondita
1162 845 1380 922 operose
1400 862 1649 904 excutere
1667 864 1726 903 ac
1740 847 1876 902 scru-

232 923 333 976 tari
360 919 679 995 plerumque
701 918 879 988 solent,
897 924 987 996 qui
1016 922 1458 996 Dissertationem,
1479 944 1638 1001 quam
1665 938 1878 988 vocant,

233 997 601 1072 lnauguralem
624 1000 675 1052 in
711 998 1016 1054 Academiis
1049 999 1211 1057 hodie
1241 1002 1546 1059 moliuntur.
1624 1001 1878 1079 Quorum

234 1089 445 1131 tantum
469 1073 641 1144 abest,
666 1089 726 1131 vt
756 1075 1052 1131 institutum
1084 1077 1417 1151 improbem,
1439 1094 1501 1135 vt
1523 1083 1702 1153 potius
1726 1078 1877 1133 omni

232 1151 389 1208 laude
445 1151 670 1227 dignum
718 1152 1120 1210 existimauerIm
1146 1174 1164 1215 ς
1206 1157 1490 1229 praecipue
1532 1156 1567 1211 fi
1613 1153 1875 1229 quaedam

232 1229 341 1285 aliis
363 1227 738 1304 praetermissa‚
762 1243 854 1285 aut
879 1247 990 1286 non
1015 1247 1092 1298 ea,
1115 1248 1219 1305 qua
1244 1230 1413 1301 decet,
1437 1249 1562 1288 cura
1587 1230 1775 1287 tradita
1790 1231 1875 1299 ,in

232 1305 472 1364 medium
497 1307 807 1382 proferant..
900 1305 1004 1362 Sed
1026 1324 1127 1362 nec
1157 1306 1340 1376 nobie,
1370 1323 1429 1363 vt
1464 1323 1632 1382 puto,
1655 1309 1786 1363 vitio
1809 1304 1904 1360 illi.

233 1398 462 1455 vertent,
483 1383 630 1459 quod
653 1385 927 1440 materiam
946 1382 1172 1457 aliquam
1199 1402 1263 1439 ex
1286 1384 1696 1459 Iurisprudentia
1719 1382 1872 1439 Mer-

231 1468 432 1518 catoria'
453 1460 765 1529 defamem,
791 1477 1033 1534 quaeque
1056 1479 1165 1516 non
1188 1478 1313 1517 raro
1338 1474 1514 1535 partes
1541 1459 1748 1523 collidit,
1761 1457 1872 1532 spe-

229 1541 434 1595 ciminis
458 1539 576 1611 lqco
601 1554 910 1612 proponere
934 1537 1235 1593 maluimus,
1348 1537 1403 1591 Si
1435 1536 1690 1611 exemplis
1720 1537 1870 1591 locus

230 1616 370 1688 esset,
393 1617 652 1691 plurimos
675 1613 940 1671 adducere
962 1613 1158 1689 poffem
1175 1659 1188 1683 ‚
1211 1616 1301 1689 qui
1326 1613 1462 1669 hanc
1482 1628 1690 1688 partem
1715 1613 1872 1668 luris-

231 1693 541 1769 prudentiae
564 1692 852 1759 enucleare,
877 1710 985 1748 non
1010 1691 1173 1748 solum
1195 1710 1261 1746 ex
1298 1691 1510 1746 Vtilitate
1533 1689 1770 1765 publicae
1794 1691 1872 1744 rei

230 1772 592 1839 aestimauere,
617 1770 702 1826 sed
728 1772 886 1827 etiam
912 1788 1104 1826 eorum
1132 1768 1384 1825 obscurae
1406 1767 1706 1843 diligentiae
1716 1785 1870 1841 prae·-

230 1848 483 1917 tulerunt,
505 1852 596 1925 qui
617 1847 743 1905 nihil
772 1845 982 1904 testum
1002 1859 1222 1920 putant,
1250 1845 1341 1902 nisi
1361 1845 1508 1919 quod
1540 1845 1762 1900 Romani
1784 1845 1867 1899 lu-

230 1929 303 1982 ris
323 1925 619 1983 subtilitates
645 1923 863 1982 redolet.
980 1924 1039 1979 ln
1073 1924 1338 1999 plerisque
1371 1920 1587 1995 quidem
1623 1919 1867 1995 partibus

227 2003 317 2066 Ius
339 2005 644 2060 Romanum
664 2000 980 2075 [iugularem
1006 2017 1132 2072 prae
1154 1996 1201 2053 ie
1221 1999 1325 2053 fert
1343 2000 1661 2071 aequitatem
1692 1995 1863 2068 a),ob

226 2081 556 2156 quamfbrte
589 2093 645 2135 et
673 2076 820 2151 apud
845 2076 1119 2150 plerasque
1132 2075 1446 2131 moratiores
1461 2072 1866 2148 gentessecom·

228 2157 515 2215 mendauit.
551 2156 617 2229 b)
693 2152 800 2210 Sed
839 2151 1177 2226 Wisbymfiwn
1197 2195 1213 2221 ‚
1239 2150 1610 2218 Okmnmfimn,
1640 2154 1754 2213 Han
1778 2169 1863 2204 ea·

227 2241 444 2291 ticarum
468 2238 597 2291 item
625 2236 901 2289 Ciuitatum
924 2227 1300 2286 Ordinationes*
1321 2224 1390 2282 de
1422 2243 1481 2280 re
1505 2228 1711 2291 nautica
1731 2244 1862 2300 pru·

227 2310 519 2369 dentiffime
544 2311 854 2368 constitutae
881 2322 991 2360 non
1028 2308 1206 2360 minus
1239 2302 1314 2358 ob*
1346 2301 1568 2358 eandem
1599 2306 1860 2359 rationem

223 2390 522 2457 multarum
562 2403 778 2464 quoque
824 2384 1068 2458 gentium
1109 2384 1326 2436 meritae
1377 2379 1600 2436 fuerunt
1641 2380 1859 2455 applau-

223 2463 353 2523 sum.
389 2471 445 2532 ο)
561 2465 654 2521 Ne
674 2459 802 2538 quid
825 2460 994 2516 dicam
1012 2457 1365 2529 de-Confitlatu
1395 2461 1594 2526 Maris,
1618 2460 1709 2531 qui
1731 2456 1857 2512 liber

223 2543 316 2609 est,
341 2541 737 2600 BOECLERO
768 2533 1044 2606 iudice,·d)
1079 2535 1463 2613 nunqumnfiztis
1491 2525 1788 2599 laudandus,
1805 2534 1860 2602 si

223 2607 506 2698 argumenti
522 2618 840 2684 nobilitatem,
866 2618 1070 2690 copiam,
1088 2610 1510 2689 tfitmspeffer-mtr.
1554 2634 1557 2637 >
1586 2613 1741 2681 Qem
1749 2615 1859 2667 La-

224 2691 338 2754 tina
357 2698 477 2768 veste
506 2696 726 2755 indutum
750 2692 960 2771 conspici
985 2687 1267 2747 arbitratus
1289 2687 1364 2755 est
1390 2688 1672 2819 interqffb.s
1711 2685 1858 2744 Con-

1088 2768 1144 2825 A
1181 2778 1214 2841 3
1656 2766 1859 2838 criptue
