2253 2991
795 103 898 171 ”25³3
979 96 1135 170 (0)
1216 102 1319 166 teia·-
1840 104 1890 173 7,

729 210 1060 270 SEC'rio
1101 209 1386 268 PRIMA

225 306 348 382 DE
394 302 978 379 CONTRACTV
1023 299 1878 391 ASSECVRATION-IS

800 394 898 453 lN
938 391 1322 452 GENERE.

337 508 342 512 ’
994 521 1001 537 .
1042 482 1078 538 I.

225 586 449 772 DE
494 588 694 670 seriptis
727 587 1001 650 auertendi
1038 589 1297 663 periculi,
1333 603 1494 665 quem
1528 587 1879 650 Affecuratios

433 687 558 726 nem
599 684 821 738 vocant,
855 665 1161 725 contractus
1198 667 1439 724 formulis
1466 664 1680 724 at'curus
1704 665 1877 724 neces·

160 802 162 805 .
433 744 546 804 sum
589 747 686 804 esse
732 745 858 804 duxi
885 789 901 814 ‚
940 744 1197 821 quaedam
1219 747 1273 801 in
1306 761 1506 820 genere
1544 742 1877 805 fundamenti

225 823 344 880 loeo
368 825 711 897 praemittere
733 823 801 881 de
812 821 1222 892 Assecuratione,
1246 834 1305 881 vt
1340 838 1406 880 eo
1435 820 1621 881 melius
1645 822 1876 882 nonnul-

223 900 287 958 }is
309 897 703 985 difficultatibus
724 899 942 960 obuiam
966 902 1030 956 iri
1059 898 1228 975 posfit.
1861 890 1877 897 ⁶

383 1059 671 1127 AffZ‘curare
690 1059 767 1128 a),
791 1055 1040 1132 sequioris
1067 1054 1216 1111 seculi
1239 1054 1523 1125 verbum(
1533 1051 1707 1112 omissa
1731 1053 1874 1110 varia

225 1133 341 1189 eius
363 1136 698 1209 acceptione)
720 1136 772 1189 vi
797 1137 944 1191 vocis
977 1130 1105 1188 nihil
1135 1130 1272 1186 aliud
1302 1131 1571 1203 significat,
1604 1147 1760 1205 quam
1786 1129 1874 1184 aii-

223 1227 389 1286 quem
411 1211 645 1279 reddere·
657 1207 902 1272 securum
924 1212 981 1268 in
1001 1208 1173 1287 aliquo
1198 1211 1439 1286 negocio,
1465 1206 1610 1285 quod
1636 1204 1874 1283 periculo

219 1288 804 1422 *exgogggquzssRESN
841 1367 921 1413 hac
938 1377 1092 1481 votieil

341 1500 533 1558 Distus
569 1500 692 1557 inde
716 1499 1125 1557 Affeeurationis
1161 1492 1463 1552 contrastus
1496 1492 1638 1567 apud
1679 1492 1876 1549 Romass

226 1593 326 1636 nos
354 1576 501 1635 haud
531 1574 753 1652 perinde
774 1577 1022 1651 cognitus
1055 1575 1153 1630 fuit
1177 1617 1192 1644 ,
1218 1589 1522 1648 quanquam
1542 1569 1700 1625 fimile
1722 1569 1876 1643 quid-

226 1672 392 1730 quam
415 1654 559 1729 apud
583 1671 674 1710 eos
695 1667 748 1709 et
765 1651 1124 1727 antiquiffimis
1147 1648 1481 1723 temporibus
1497 1650 1599 1702 iam
1626 1645 1873 1714 obtinuit,

226 1730 688 1806 quemadmodum
712 1748 777 1786 ex
804 1729 929 1785 loeis
957 1747 988 1785 a
1028 1725 1358 1786 CVLPISIO
1384 1731 1434 1794 a)
1473 1721 1727 1790 addixeris,
1744 1740 1793 1778 et
1808 1742 1874 1778 ex

227 1807 608 1884 ipsbGROT
625 1807 710 1863 10
734 1805 800 1878 b)
832 1818 1066 1881 apparet.
1145 1805 1219 1861 Vt
1259 1799 1660 1877 propemodum
1695 1802 1876 1865 mirer⁹

226 1902 394 1960 quare
426 1883 799 1942 CVLPISIVS
833 1890 902 1952 c),
930 1883 1048 1939 alias
1072 1894 1182 1938 tam
1213 1881 1434 1954 egregie
1459 1878 1715 1935 Grotiana
1736 1875 1877 1950 dog-

226 1976 370 2020 mata
396 1976 584 2018 contra
606 1962 815 2035 iniquos
842 1962 952 2014 eius
984 1957 1221 2014 censores
1253 1954 1540 2011 defendens
1567 1952 1655 2023 d),
1694 1950 1875 2009 GRO-

227 2038 433 2096 T1VM
458 2055 487 2094 a
514 2040 566 2093 se
592 2036 852 2092 dissentire
878 2033 1041 2104 dicat,
1066 2051 1191 2091 eum
1211 2029 1542 2088 GROTIVS
1570 2034 1628 2103 e)
1662 2041 1874 2087 tantum

226 2113 444 2183 doceat,
484 2113 613 2170 olim
647 2113 763 2182 vix,
806 2110 860 2167 id
885 2111 989 2181 est,
1023 2128 1159 2179 non,
1179 2122 1239 2167 vt
1261 2125 1406 2171 nunc
1428 2152 1443 2178 ,
1464 2107 1571 2164 fiue
1593 2108 1874 2163 recentiori

226 2210 382 2262 aeuo,
404 2208 514 2265 quo
539 2192 678 2247 inter
708 2186 1085 2263 receptiffimos
1119 2187 1222 2255 est,
1267 2185 1569 2260 specialique
1605 2183 1875 2241 Affiecura-

226 2271 385 2327 tionis
408 2270 629 2324 nomine
653 2265 949 2340 insignitur,
974 2263 1306 2322 contractum
1342 2263 1486 2320 hunc
1517 2260 1660 2317 fuisse
1690 2263 1874 2337 cogni-

226 2358 365 2413 tum,
386 2361 497 2401 non
527 2361 661 2401 vero
691 2342 849 2400 simile
873 2342 1165 2416 quidquam
1184 2387 1199 2413 ‚
1222 2354 1274 2397 et
1307 2340 1451 2415 apud
1475 2352 1679 2398 veteres
1706 2342 1757 2394 in
1784 2337 1874 2396 vs'u

225 2421 371 2482 fuifle
397 2435 561 2496 neget
586 2419 619 2475 f
621 2425 664 2490 2.
745 2420 805 2476 In
829 2418 1173 2476 CORPORE
1213 2417 1394 2476 IVRlS
1434 2416 1685 2475 CIVILIS
1727 2416 1875 2471 vesti-

226 2501 316 2574 gia
337 2514 552 2573 quoque
574 2496 731 2554 huius
758 2497 962 2573 negotii
985 2495 1168 2572 paffim
1186 2483 1364 2556 extant
1385 2501 1473 2573 g):
1513 2511 1708 2552 nomen
1720 2495 1875 2570 igno·

227 2589 421 2634 ratum.
1383 2591 1386 2594 ·

225 2675 244 2707 ι
288 2651 332 2712 a)
364 2651 408 2695 in
432 2650 571 2710 Colleg.
594 2650 710 2696 Grot.
730 2622 849 2710 Diffi.
861 2653 901 2697 6.
925 2650 977 2696 ad
994 2651 1018 2696 1.
1033 2665 1069 2697 2.
1095 2665 1196 2699 c.12.
1218 2653 1251 2712 §.
1268 2655 1307 2701 6.
1322 2652 1365 2697 in
1378 2662 1465 2698 not.
1479 2651 1537 2701 fit.
1552 2665 1592 2712 y.
1625 2647 1742 2698 conf.
1766 2664 1875 2709 quo·

346 2724 430 2770 que
449 2708 773 2772 LQCCEN·.d‘
793 2710 1063 2774 June-Maria
1086 2711 1114 2757 1.
1137 2726 1172 2760 2.
1186 2728 1219 2759 c.
1241 2724 1273 2768 5.
1294 2713 1328 2773 §‚
1343 2727 1378 2758 2.
1704 2766 1750 2830 b)
1780 2767 1814 2814 L
1837 2782 1877 2816 ².
