<?xml version="1.0" encoding="UTF-8"?>
<!DOCTYPE html PUBLIC "-//W3C//DTD XHTML 1.0 Transitional//EN"
    "http://www.w3.org/TR/xhtml1/DTD/xhtml1-transitional.dtd">
<html xmlns="http://www.w3.org/1999/xhtml" xml:lang="en" lang="en">
 <head>
  <title>
</title>
<meta http-equiv="Content-Type" content="text/html;charset=utf-8" />
  <meta name='ocr-system' content='tesseract 3.04.00' />
  <meta name='ocr-capabilities' content='ocr_page ocr_carea ocr_par ocr_line ocrx_word'/>
</head>
<body>
  <div class='ocr_page' id='page_1' title='image "./dissertatiodeins00sche_0055.png"; bbox 0 0 2253 2991; ppageno 0'>
   <div class='ocr_carea' id='block_1_1' title="bbox 799 30 1953 133">
    <p class='ocr_par' dir='ltr' id='par_1_1' title="bbox 799 30 1953 133">
     <span class='ocr_line' id='line_1_1' title="bbox 799 30 1953 133; baseline -0.004 -12"><span class='ocrx_word' id='word_1_1' title='bbox 799 30 1418 121; x_wconf 73' lang='lat' dir='ltr'>APPENDIX.</span> <span class='ocrx_word' id='word_1_2' title='bbox 1892 70 1953 133; x_wconf 80' lang='lat'>53</span> 
     </span>
    </p>
   </div>
   <div class='ocr_carea' id='block_1_2' title="bbox 343 172 1976 2657">
    <p class='ocr_par' dir='ltr' id='par_1_2' title="bbox 420 172 1948 889">
     <span class='ocr_line' id='line_1_2' title="bbox 428 172 1948 237; baseline -0.007 -14"><span class='ocrx_word' id='word_1_3' title='bbox 428 177 546 223; x_wconf 83' lang='lat' dir='ltr'>Alias</span> <span class='ocrx_word' id='word_1_4' title='bbox 566 191 620 223; x_wconf 91' lang='lat' dir='ltr'>eo</span> <span class='ocrx_word' id='word_1_5' title='bbox 642 178 822 223; x_wconf 88' lang='lat' dir='ltr'>nomine</span> <span class='ocrx_word' id='word_1_6' title='bbox 843 179 1077 237; x_wconf 81' lang='lat' dir='ltr'>specialiter</span> <span class='ocrx_word' id='word_1_7' title='bbox 1101 180 1232 224; x_wconf 85' lang='lat' dir='ltr'>etiam</span> <span class='ocrx_word' id='word_1_8' title='bbox 1257 180 1288 222; x_wconf 91' lang='lat' dir='ltr'>is</span> <span class='ocrx_word' id='word_1_9' title='bbox 1309 175 1516 236; x_wconf 81' lang='lat' dir='ltr'>designari</span> <span class='ocrx_word' id='word_1_10' title='bbox 1537 175 1727 225; x_wconf 85' lang='lat' dir='ltr'>videtur,</span> <span class='ocrx_word' id='word_1_11' title='bbox 1748 172 1822 229; x_wconf 89' lang='lat' dir='ltr'>qui</span> <span class='ocrx_word' id='word_1_12' title='bbox 1846 184 1948 228; x_wconf 87' lang='lat' dir='ltr'>pro-</span> 
     </span>
     <span class='ocr_line' id='line_1_3' title="bbox 426 229 1939 294; baseline -0.007 -10"><span class='ocrx_word' id='word_1_13' title='bbox 426 237 649 284; x_wconf 85' lang='lat' dir='ltr'>funditatis</span> <span class='ocrx_word' id='word_1_14' title='bbox 672 235 879 290; x_wconf 84' lang='lat' dir='ltr'>fluminis,</span> <span class='ocrx_word' id='word_1_15' title='bbox 903 249 944 281; x_wconf 89' lang='lat' dir='ltr'>et</span> <span class='ocrx_word' id='word_1_16' title='bbox 969 252 1194 282; x_wconf 84' lang='lat' dir='ltr'>arenarum</span> <span class='ocrx_word' id='word_1_17' title='bbox 1235 234 1320 281; x_wconf 84' lang='lat' dir='ltr'>fiue</span> <span class='ocrx_word' id='word_1_18' title='bbox 1341 237 1538 282; x_wconf 85' lang='lat' dir='ltr'>breuium</span> <span class='ocrx_word' id='word_1_19' title='bbox 1558 229 1939 294; x_wconf 73' lang='lat' dir='ltr'>(MARQ&#39;ARD.</span> 
     </span>
     <span class='ocr_line' id='line_1_4' title="bbox 425 289 1940 356; baseline -0.007 -13"><span class='ocrx_word' id='word_1_20' title='bbox 425 296 499 355; x_wconf 58' lang='lat'>1³3.</span> <span class='ocrx_word' id='word_1_21' title='bbox 523 312 555 342; x_wconf 89' lang='lat' dir='ltr'>c.</span> <span class='ocrx_word' id='word_1_22' title='bbox 568 312 611 353; x_wconf 79' lang='lat'>3.</span> <span class='ocrx_word' id='word_1_23' title='bbox 629 312 669 341; x_wconf 89' lang='lat' dir='ltr'>n.</span> <span class='ocrx_word' id='word_1_24' title='bbox 682 300 750 354; x_wconf 77' lang='lat'>36.</span> <span class='ocrx_word' id='word_1_25' title='bbox 775 301 823 340; x_wconf 83' lang='lat' dir='ltr'>in</span> <span class='ocrx_word' id='word_1_26' title='bbox 847 296 979 356; x_wconf 84' lang='lat' dir='ltr'>med.)</span> <span class='ocrx_word' id='word_1_27' title='bbox 1004 295 1152 340; x_wconf 83' lang='lat' dir='ltr'><strong>Germ.</strong></span> <span class='ocrx_word' id='word_1_28' title='bbox 1172 294 1429 343; x_wconf 58' lang='lat' dir='ltr'>&amp;anbbcincfe</span> <span class='ocrx_word' id='word_1_29' title='bbox 1442 327 1455 350; x_wconf 69' lang='lat' dir='ltr'>r</span> <span class='ocrx_word' id='word_1_30' title='bbox 1477 297 1520 339; x_wconf 89' lang='lat' dir='ltr'>in</span> <span class='ocrx_word' id='word_1_31' title='bbox 1541 309 1594 337; x_wconf 88' lang='lat' dir='ltr'>eo</span> <span class='ocrx_word' id='word_1_32' title='bbox 1619 293 1842 338; x_wconf 84' lang='lat' dir='ltr'>latentium</span> <span class='ocrx_word' id='word_1_33' title='bbox 1865 289 1940 333; x_wconf 86' lang='lat' dir='ltr'>vsu</span> 
     </span>
     <span class='ocr_line' id='line_1_5' title="bbox 424 349 1944 415; baseline -0.007 -14"><span class='ocrx_word' id='word_1_34' title='bbox 424 358 566 401; x_wconf 88' lang='lat' dir='ltr'>multo</span> <span class='ocrx_word' id='word_1_35' title='bbox 588 359 744 415; x_wconf 77' lang='lat' dir='ltr'>peritus</span> <span class='ocrx_word' id='word_1_36' title='bbox 769 357 877 398; x_wconf 82' lang='lat' dir='ltr'>circa</span> <span class='ocrx_word' id='word_1_37' title='bbox 897 358 946 398; x_wconf 70' lang='lat' dir='ltr'>‘os</span> <span class='ocrx_word' id='word_1_38' title='bbox 969 354 1088 399; x_wconf 89' lang='lat' dir='ltr'>fluuii</span> <span class='ocrx_word' id='word_1_39' title='bbox 1111 358 1153 399; x_wconf 89' lang='lat' dir='ltr'>in</span> <span class='ocrx_word' id='word_1_40' title='bbox 1175 369 1294 399; x_wconf 85' lang='lat' dir='ltr'>mare</span> <span class='ocrx_word' id='word_1_41' title='bbox 1317 357 1358 400; x_wconf 91' lang='lat' dir='ltr'>se</span> <span class='ocrx_word' id='word_1_42' title='bbox 1391 354 1663 398; x_wconf 85' lang='lat' dir='ltr'>exonerantis</span> <span class='ocrx_word' id='word_1_43' title='bbox 1695 368 1719 396; x_wconf 86' lang='lat' dir='ltr'>a</span> <span class='ocrx_word' id='word_1_44' title='bbox 1743 349 1944 407; x_wconf 85' lang='lat' dir='ltr'>magistro</span> 
     </span>
     <span class='ocr_line' id='line_1_6' title="bbox 425 411 1945 472; baseline -0.006 -12"><span class='ocrx_word' id='word_1_45' title='bbox 425 416 563 468; x_wconf 86' lang='lat' dir='ltr'>nauis,</span> <span class='ocrx_word' id='word_1_46' title='bbox 584 429 675 459; x_wconf 89' lang='lat' dir='ltr'>non</span> <span class='ocrx_word' id='word_1_47' title='bbox 696 429 778 472; x_wconf 87' lang='lat' dir='ltr'>pro</span> <span class='ocrx_word' id='word_1_48' title='bbox 802 412 952 465; x_wconf 88' lang='lat' dir='ltr'>lubitu,</span> <span class='ocrx_word' id='word_1_49' title='bbox 973 414 1044 459; x_wconf 87' lang='lat' dir='ltr'>sed</span> <span class='ocrx_word' id='word_1_50' title='bbox 1067 429 1116 457; x_wconf 89' lang='lat' dir='ltr'>ex</span> <span class='ocrx_word' id='word_1_51' title='bbox 1138 412 1400 472; x_wconf 71' lang='lat' dir='ltr'>obligatione</span> <span class='ocrx_word' id='word_1_52' title='bbox 1418 445 1430 464; x_wconf 92' lang='lat'>,</span> <span class='ocrx_word' id='word_1_53' title='bbox 1463 415 1507 458; x_wconf 90' lang='lat' dir='ltr'>in</span> <span class='ocrx_word' id='word_1_54' title='bbox 1543 413 1692 457; x_wconf 79' lang='lat' dir='ltr'>nauim</span> <span class='ocrx_word' id='word_1_55' title='bbox 1726 411 1945 466; x_wconf 83' lang='lat' dir='ltr'>recipitur,</span> 
     </span>
     <span class='ocr_line' id='line_1_7' title="bbox 423 465 1943 533; baseline -0.007 -14"><span class='ocrx_word' id='word_1_56' title='bbox 423 485 470 519; x_wconf 90' lang='lat' dir='ltr'>vt</span> <span class='ocrx_word' id='word_1_57' title='bbox 491 489 590 519; x_wconf 85' lang='lat' dir='ltr'>eam</span> <span class='ocrx_word' id='word_1_58' title='bbox 613 487 692 531; x_wconf 87' lang='lat' dir='ltr'>per</span> <span class='ocrx_word' id='word_1_59' title='bbox 713 472 899 516; x_wconf 90' lang='lat' dir='ltr'>fluuium</span> <span class='ocrx_word' id='word_1_60' title='bbox 933 477 1075 518; x_wconf 87' lang='lat' dir='ltr'>tonnis</span> <span class='ocrx_word' id='word_1_61' title='bbox 1102 485 1143 517; x_wconf 94' lang='lat' dir='ltr'>et</span> <span class='ocrx_word' id='word_1_62' title='bbox 1176 472 1381 533; x_wconf 89' lang='lat' dir='ltr'>stipitibus</span> <span class='ocrx_word' id='word_1_63' title='bbox 1414 473 1629 517; x_wconf 80' lang='lat' dir='ltr'>coronatis</span> <span class='ocrx_word' id='word_1_64' title='bbox 1653 469 1759 530; x_wconf 85' lang='lat' dir='ltr'>(vid.</span> <span class='ocrx_word' id='word_1_65' title='bbox 1772 465 1943 512; x_wconf 84' lang='lat' dir='ltr'>STYP-</span> 
     </span>
     <span class='ocr_line' id='line_1_8' title="bbox 424 527 1944 592; baseline -0.006 -12"><span class='ocrx_word' id='word_1_66' title='bbox 424 531 578 580; x_wconf 70' lang='lat' dir='ltr'>MAN,</span> <span class='ocrx_word' id='word_1_67' title='bbox 597 532 645 576; x_wconf 81' lang='lat' dir='ltr'>de</span> <span class='ocrx_word' id='word_1_68' title='bbox 665 531 758 576; x_wconf 84' lang='lat' dir='ltr'>Iure</span> <span class='ocrx_word' id='word_1_69' title='bbox 780 531 937 577; x_wconf 87' lang='lat' dir='ltr'>Marit.</span> <span class='ocrx_word' id='word_1_70' title='bbox 964 532 1010 576; x_wconf 88' lang='lat' dir='ltr'>P.</span> <span class='ocrx_word' id='word_1_71' title='bbox 1023 548 1065 591; x_wconf 72' lang='lat'>3.</span> <span class='ocrx_word' id='word_1_72' title='bbox 1093 548 1123 577; x_wconf 90' lang='lat' dir='ltr'>c.</span> <span class='ocrx_word' id='word_1_73' title='bbox 1148 548 1198 576; x_wconf 89' lang='lat' dir='ltr'>lo.</span> <span class='ocrx_word' id='word_1_74' title='bbox 1221 549 1258 577; x_wconf 89' lang='lat' dir='ltr'>n.</span> <span class='ocrx_word' id='word_1_75' title='bbox 1273 548 1338 590; x_wconf 88' lang='lat'>47.</span> <span class='ocrx_word' id='word_1_76' title='bbox 1340 532 1431 592; x_wconf 86' lang='lat' dir='ltr'><em>sqq.</em></span> <span class='ocrx_word' id='word_1_77' title='bbox 1441 527 1944 592; x_wconf 72' lang='lat' dir='ltr'>p.465.)Germ.3.&#39;-onnen</span> 
     </span>
     <span class='ocr_line' id='line_1_9' title="bbox 423 585 1943 649; baseline -0.005 -9"><span class='ocrx_word' id='word_1_78' title='bbox 423 595 502 640; x_wconf 72' lang='lat' dir='ltr'>uni)</span> <span class='ocrx_word' id='word_1_79' title='bbox 513 593 663 647; x_wconf 53' lang='lat' dir='ltr'>Quietis</span> <span class='ocrx_word' id='word_1_80' title='bbox 685 591 730 635; x_wconf 90' lang='lat' dir='ltr'>in</span> <span class='ocrx_word' id='word_1_81' title='bbox 754 591 924 649; x_wconf 77' lang='lat' dir='ltr'>liguum</span> <span class='ocrx_word' id='word_1_82' title='bbox 950 592 1067 644; x_wconf 84' lang='lat' dir='ltr'>viae,</span> <span class='ocrx_word' id='word_1_83' title='bbox 1087 604 1129 636; x_wconf 87' lang='lat' dir='ltr'>vt</span> <span class='ocrx_word' id='word_1_84' title='bbox 1151 592 1205 637; x_wconf 84' lang='lat' dir='ltr'>fic</span> <span class='ocrx_word' id='word_1_85' title='bbox 1227 593 1393 645; x_wconf 82' lang='lat' dir='ltr'>dicam,</span> <span class='ocrx_word' id='word_1_86' title='bbox 1414 591 1651 635; x_wconf 84' lang='lat' dir='ltr'>fluuiaticae</span> <span class='ocrx_word' id='word_1_87' title='bbox 1683 589 1780 645; x_wconf 63' lang='grc' dir='ltr'>(θεὲ</span> <span class='ocrx_word' id='word_1_88' title='bbox 1813 585 1943 640; x_wconf 47' lang='lat' dir='ltr'>&amp;abta</span> 
     </span>
     <span class='ocr_line' id='line_1_10' title="bbox 420 643 1937 710; baseline -0.009 -11"><span class='ocrx_word' id='word_1_89' title='bbox 420 651 619 709; x_wconf 63' lang='grc' dir='ltr'>ἱΒαῆὶτέ)</span> <span class='ocrx_word' id='word_1_90' title='bbox 641 665 679 693; x_wconf 89' lang='lat' dir='ltr'>v.</span> <span class='ocrx_word' id='word_1_91' title='bbox 694 650 722 693; x_wconf 92' lang='lat' dir='ltr'>S</span> <span class='ocrx_word' id='word_1_92' title='bbox 734 649 782 694; x_wconf 94' lang='lat' dir='ltr'><strong>T</strong></span> <span class='ocrx_word' id='word_1_93' title='bbox 800 649 835 693; x_wconf 83' lang='lat' dir='ltr'>Y</span> <span class='ocrx_word' id='word_1_94' title='bbox 849 650 879 694; x_wconf 79' lang='lat' dir='ltr'>P</span> <span class='ocrx_word' id='word_1_95' title='bbox 892 649 948 695; x_wconf 93' lang='lat' dir='ltr'>M</span> <span class='ocrx_word' id='word_1_96' title='bbox 962 650 1060 696; x_wconf 87' lang='lat' dir='ltr'>AN.</span> <span class='ocrx_word' id='word_1_97' title='bbox 1082 652 1127 697; x_wconf 93' lang='lat' dir='ltr'>P.</span> <span class='ocrx_word' id='word_1_98' title='bbox 1132 666 1177 710; x_wconf 78' lang='lat'>3.</span> <span class='ocrx_word' id='word_1_99' title='bbox 1190 668 1220 696; x_wconf 88' lang='lat' dir='ltr'>c.</span> <span class='ocrx_word' id='word_1_100' title='bbox 1224 667 1266 708; x_wconf 86' lang='lat'>5.</span> <span class='ocrx_word' id='word_1_101' title='bbox 1278 667 1317 697; x_wconf 89' lang='lat' dir='ltr'>n.</span> <span class='ocrx_word' id='word_1_102' title='bbox 1331 654 1414 709; x_wconf 84' lang='grc' dir='ltr'><em>ι7.)</em></span> <span class='ocrx_word' id='word_1_103' title='bbox 1437 648 1682 695; x_wconf 86' lang='lat' dir='ltr'>nonnullibi</span> <span class='ocrx_word' id='word_1_104' title='bbox 1693 643 1937 692; x_wconf 69' lang='lat' dir='ltr'>distinehun</span> 
     </span>
     <span class='ocr_line' id='line_1_11' title="bbox 422 706 1941 768; baseline -0.004 -13"><span class='ocrx_word' id='word_1_105' title='bbox 422 713 469 755; x_wconf 86' lang='lat' dir='ltr'>in</span> <span class='ocrx_word' id='word_1_106' title='bbox 489 722 667 767; x_wconf 85' lang='lat' dir='ltr'>portum</span> <span class='ocrx_word' id='word_1_107' title='bbox 690 709 853 768; x_wconf 86' lang='lat' dir='ltr'>dirigat.</span> <span class='ocrx_word' id='word_1_108' title='bbox 946 709 1153 756; x_wconf 84' lang='lat' dir='ltr'>Saxonice</span> <span class='ocrx_word' id='word_1_109' title='bbox 1185 727 1206 756; x_wconf 88' lang='lat' dir='ltr'>a</span> <span class='ocrx_word' id='word_1_110' title='bbox 1235 725 1346 755; x_wconf 89' lang='lat' dir='ltr'>voce</span> <span class='ocrx_word' id='word_1_111' title='bbox 1367 711 1465 753; x_wconf 83' lang='lat' dir='ltr'>Loot</span> <span class='ocrx_word' id='word_1_112' title='bbox 1495 714 1514 764; x_wconf 92' lang='lat'>(</span> <span class='ocrx_word' id='word_1_113' title='bbox 1527 709 1569 754; x_wconf 89' lang='lat' dir='ltr'>h.</span> <span class='ocrx_word' id='word_1_114' title='bbox 1591 723 1627 752; x_wconf 89' lang='lat' dir='ltr'>e.</span> <span class='ocrx_word' id='word_1_115' title='bbox 1650 706 1823 757; x_wconf 89' lang='lat' dir='ltr'>bolide,</span> <span class='ocrx_word' id='word_1_116' title='bbox 1854 717 1941 761; x_wconf 81' lang='lat' dir='ltr'>qua</span> 
     </span>
     <span class='ocr_line' id='line_1_12' title="bbox 423 766 1939 829; baseline -0.007 -15"><span class='ocrx_word' id='word_1_117' title='bbox 423 767 691 828; x_wconf 85' lang='lat' dir='ltr'>profunditas</span> <span class='ocrx_word' id='word_1_118' title='bbox 712 767 834 815; x_wconf 84' lang='lat' dir='ltr'>fluuii</span> <span class='ocrx_word' id='word_1_119' title='bbox 855 770 1112 829; x_wconf 86' lang='lat' dir='ltr'>exploratur.</span> <span class='ocrx_word' id='word_1_120' title='bbox 1146 786 1182 814; x_wconf 89' lang='lat' dir='ltr'>v.</span> <span class='ocrx_word' id='word_1_121' title='bbox 1200 770 1287 815; x_wconf 89' lang='lat' dir='ltr'>ST</span> <span class='ocrx_word' id='word_1_122' title='bbox 1298 769 1377 813; x_wconf 85' lang='lat' dir='ltr'>YP</span> <span class='ocrx_word' id='word_1_123' title='bbox 1391 768 1494 813; x_wconf 75' lang='lat' dir='ltr'>MA</span> <span class='ocrx_word' id='word_1_124' title='bbox 1506 766 1559 812; x_wconf 90' lang='lat' dir='ltr'>N.</span> <span class='ocrx_word' id='word_1_125' title='bbox 1594 768 1636 812; x_wconf 91' lang='lat' dir='ltr'>P.</span> <span class='ocrx_word' id='word_1_126' title='bbox 1644 782 1684 825; x_wconf 76' lang='lat'>3.</span> <span class='ocrx_word' id='word_1_127' title='bbox 1699 781 1733 809; x_wconf 83' lang='lat' dir='ltr'>c.</span> <span class='ocrx_word' id='word_1_128' title='bbox 1746 779 1796 808; x_wconf 87' lang='lat'>10.</span> <span class='ocrx_word' id='word_1_129' title='bbox 1818 777 1857 806; x_wconf 90' lang='lat' dir='ltr'>n.</span> <span class='ocrx_word' id='word_1_130' title='bbox 1873 776 1939 819; x_wconf 77' lang='lat'>43.</span> 
     </span>
     <span class='ocr_line' id='line_1_13' title="bbox 420 821 1940 889; baseline -0.004 -17"><span class='ocrx_word' id='word_1_131' title='bbox 420 839 462 872; x_wconf 80' lang='grc' dir='ltr'>ετ</span> <span class='ocrx_word' id='word_1_132' title='bbox 481 842 553 885; x_wconf 86' lang='lat'>44.</span> <span class='ocrx_word' id='word_1_133' title='bbox 564 841 607 889; x_wconf 82' lang='lat' dir='ltr'>p.</span> <span class='ocrx_word' id='word_1_134' title='bbox 619 830 716 884; x_wconf 85' lang='lat'><em>464.</em></span> <span class='ocrx_word' id='word_1_135' title='bbox 733 832 761 885; x_wconf 75' lang='lat' dir='ltr'><em>J</em></span> <span class='ocrx_word' id='word_1_136' title='bbox 782 830 931 872; x_wconf 87' lang='lat' dir='ltr'>dicitur</span> <span class='ocrx_word' id='word_1_137' title='bbox 961 828 1222 884; x_wconf 67' lang='lat' dir='ltr'>ssootssmamt,</span> <span class='ocrx_word' id='word_1_138' title='bbox 1247 830 1316 873; x_wconf 89' lang='lat' dir='ltr'>vel</span> <span class='ocrx_word' id='word_1_139' title='bbox 1338 830 1466 873; x_wconf 85' lang='lat' dir='ltr'>etiam</span> <span class='ocrx_word' id='word_1_140' title='bbox 1495 841 1572 886; x_wconf 85' lang='lat' dir='ltr'>per</span> <span class='ocrx_word' id='word_1_141' title='bbox 1602 821 1852 884; x_wconf 79' lang='lat' dir='ltr'>aphaeresin</span> <span class='ocrx_word' id='word_1_142' title='bbox 1872 824 1940 867; x_wconf 71' lang='lat' dir='ltr'>bet</span> 
     </span>
    </p>

    <p class='ocr_par' dir='ltr' id='par_1_3' title="bbox 353 879 1940 1362">
     <span class='ocr_line' id='line_1_14' title="bbox 353 879 1938 948; baseline -0.009 -12"><span class='ocrx_word' id='word_1_143' title='bbox 353 933 357 936; x_wconf 84' lang='grc'><em>.</em></span> <span class='ocrx_word' id='word_1_144' title='bbox 419 888 552 935; x_wconf 66' lang='lat' dir='ltr'>ssootss·</span> <span class='ocrx_word' id='word_1_145' title='bbox 610 886 715 931; x_wconf 83' lang='lat' dir='ltr'>Hoc</span> <span class='ocrx_word' id='word_1_146' title='bbox 738 890 799 932; x_wconf 88' lang='lat' dir='ltr'>ius</span> <span class='ocrx_word' id='word_1_147' title='bbox 825 899 977 933; x_wconf 86' lang='lat' dir='ltr'>tonnas</span> <span class='ocrx_word' id='word_1_148' title='bbox 999 900 1040 933; x_wconf 89' lang='lat' dir='ltr'>et</span> <span class='ocrx_word' id='word_1_149' title='bbox 1063 890 1220 948; x_wconf 85' lang='lat' dir='ltr'>stipites</span> <span class='ocrx_word' id='word_1_150' title='bbox 1254 898 1479 932; x_wconf 82' lang='lat' dir='ltr'>coronatas</span> <span class='ocrx_word' id='word_1_151' title='bbox 1507 885 1700 944; x_wconf 86' lang='lat' dir='ltr'>ponendi</span> <span class='ocrx_word' id='word_1_152' title='bbox 1722 879 1868 943; x_wconf 87' lang='lat' dir='ltr'>(quod</span> <span class='ocrx_word' id='word_1_153' title='bbox 1893 881 1938 924; x_wconf 85' lang='lat' dir='ltr'>in</span> 
     </span>
     <span class='ocr_line' id='line_1_15' title="bbox 419 940 1939 1006; baseline -0.006 -15"><span class='ocrx_word' id='word_1_154' title='bbox 419 945 656 991; x_wconf 87' lang='lat' dir='ltr'>transcursu</span> <span class='ocrx_word' id='word_1_155' title='bbox 682 945 753 991; x_wconf 85' lang='lat' dir='ltr'>hic</span> <span class='ocrx_word' id='word_1_156' title='bbox 774 949 1046 1002; x_wconf 85' lang='lat' dir='ltr'>notandum)</span> <span class='ocrx_word' id='word_1_157' title='bbox 1063 947 1410 1006; x_wconf 85' lang='lat' dir='ltr'>Hamburgenses</span> <span class='ocrx_word' id='word_1_158' title='bbox 1435 947 1482 990; x_wconf 88' lang='lat' dir='ltr'>in</span> <span class='ocrx_word' id='word_1_159' title='bbox 1504 945 1684 989; x_wconf 88' lang='lat' dir='ltr'>flumine</span> <span class='ocrx_word' id='word_1_160' title='bbox 1709 940 1828 987; x_wconf 80' lang='lat' dir='ltr'>Albis</span> <span class='ocrx_word' id='word_1_161' title='bbox 1850 943 1939 983; x_wconf 79' lang='lat' dir='ltr'>iam</span> 
     </span>
     <span class='ocr_line' id='line_1_16' title="bbox 421 1003 1936 1065; baseline -0.001 -15"><span class='ocrx_word' id='word_1_162' title='bbox 421 1021 446 1050; x_wconf 82' lang='lat' dir='ltr'>a</span> <span class='ocrx_word' id='word_1_163' title='bbox 472 1006 617 1049; x_wconf 86' lang='lat' dir='ltr'>multis</span> <span class='ocrx_word' id='word_1_164' title='bbox 638 1005 797 1050; x_wconf 84' lang='lat' dir='ltr'>Seculis</span> <span class='ocrx_word' id='word_1_165' title='bbox 815 1018 1025 1052; x_wconf 83' lang='lat' dir='ltr'><strong>exercent.</strong></span> <span class='ocrx_word' id='word_1_166' title='bbox 1046 1009 1124 1051; x_wconf 89' lang='lat' dir='ltr'>vid.</span> <span class='ocrx_word' id='word_1_167' title='bbox 1138 1009 1188 1051; x_wconf 89' lang='grc' dir='ltr'><em>Β.</em></span> <span class='ocrx_word' id='word_1_168' title='bbox 1198 1008 1283 1052; x_wconf 90' lang='lat' dir='ltr'>Dn.</span> <span class='ocrx_word' id='word_1_169' title='bbox 1296 1005 1413 1050; x_wconf 55' lang='lat' dir='ltr'>Aust.</span> <span class='ocrx_word' id='word_1_170' title='bbox 1428 1003 1539 1065; x_wconf 80' lang='lat' dir='ltr'>Apol.</span> <span class='ocrx_word' id='word_1_171' title='bbox 1556 1003 1789 1062; x_wconf 81' lang='lat' dir='ltr'>Hamhurg.</span> <span class='ocrx_word' id='word_1_172' title='bbox 1804 1013 1844 1059; x_wconf 79' lang='lat' dir='ltr'>p.</span> <span class='ocrx_word' id='word_1_173' title='bbox 1859 1014 1936 1054; x_wconf 84' lang='lat'>44-</span> 
     </span>
     <span class='ocr_line' id='line_1_17' title="bbox 419 1058 1940 1125; baseline -0.006 -16"><span class='ocrx_word' id='word_1_174' title='bbox 419 1076 460 1109; x_wconf 84' lang='lat' dir='ltr'>et</span> <span class='ocrx_word' id='word_1_175' title='bbox 484 1078 548 1120; x_wconf 82' lang='lat'>45.</span> <span class='ocrx_word' id='word_1_176' title='bbox 611 1064 820 1124; x_wconf 82' lang='lat' dir='ltr'>Haecque</span> <span class='ocrx_word' id='word_1_177' title='bbox 849 1065 964 1123; x_wconf 84' lang='lat' dir='ltr'>figna</span> <span class='ocrx_word' id='word_1_178' title='bbox 987 1065 1078 1109; x_wconf 88' lang='lat' dir='ltr'>fere</span> <span class='ocrx_word' id='word_1_179' title='bbox 1111 1068 1364 1125; x_wconf 82' lang='lat' dir='ltr'>quotannis,</span> <span class='ocrx_word' id='word_1_180' title='bbox 1387 1062 1481 1108; x_wconf 83' lang='lat' dir='ltr'>imo</span> <span class='ocrx_word' id='word_1_181' title='bbox 1515 1063 1730 1107; x_wconf 87' lang='lat' dir='ltr'>interdum</span> <span class='ocrx_word' id='word_1_182' title='bbox 1760 1058 1940 1115; x_wconf 83' lang='lat' dir='ltr'>saepius,</span> 
     </span>
     <span class='ocr_line' id='line_1_18' title="bbox 419 1116 1940 1182; baseline -0.007 -13"><span class='ocrx_word' id='word_1_183' title='bbox 419 1137 597 1182; x_wconf 83' lang='lat' dir='ltr'>propter</span> <span class='ocrx_word' id='word_1_184' title='bbox 618 1123 783 1170; x_wconf 84' lang='lat' dir='ltr'>fluxum</span> <span class='ocrx_word' id='word_1_185' title='bbox 807 1135 848 1168; x_wconf 90' lang='lat' dir='ltr'>et</span> <span class='ocrx_word' id='word_1_186' title='bbox 865 1124 1080 1169; x_wconf 84' lang='lat' dir='ltr'>refluxum</span> <span class='ocrx_word' id='word_1_187' title='bbox 1100 1126 1247 1177; x_wconf 86' lang='lat' dir='ltr'>maris,</span> <span class='ocrx_word' id='word_1_188' title='bbox 1269 1125 1346 1182; x_wconf 88' lang='lat' dir='ltr'>qui</span> <span class='ocrx_word' id='word_1_189' title='bbox 1367 1125 1541 1168; x_wconf 82' lang='lat' dir='ltr'>alueum</span> <span class='ocrx_word' id='word_1_190' title='bbox 1571 1121 1760 1165; x_wconf 84' lang='lat' dir='ltr'>fluminis</span> <span class='ocrx_word' id='word_1_191' title='bbox 1784 1116 1940 1161; x_wconf 77' lang='lat' dir='ltr'>nonni-</span> 
     </span>
     <span class='ocr_line' id='line_1_19' title="bbox 422 1175 1939 1236; baseline -0.005 -8"><span class='ocrx_word' id='word_1_192' title='bbox 422 1184 485 1228; x_wconf 90' lang='lat' dir='ltr'>hil</span> <span class='ocrx_word' id='word_1_193' title='bbox 505 1194 660 1236; x_wconf 86' lang='lat' dir='ltr'>mutat,</span> <span class='ocrx_word' id='word_1_194' title='bbox 683 1197 736 1228; x_wconf 86' lang='lat' dir='ltr'>ex</span> <span class='ocrx_word' id='word_1_195' title='bbox 756 1199 845 1227; x_wconf 89' lang='lat' dir='ltr'>vno</span> <span class='ocrx_word' id='word_1_196' title='bbox 870 1184 971 1228; x_wconf 90' lang='lat' dir='ltr'>loco</span> <span class='ocrx_word' id='word_1_197' title='bbox 993 1186 1041 1230; x_wconf 89' lang='lat' dir='ltr'>in</span> <span class='ocrx_word' id='word_1_198' title='bbox 1071 1185 1208 1229; x_wconf 83' lang='lat' dir='ltr'>alium</span> <span class='ocrx_word' id='word_1_199' title='bbox 1245 1181 1569 1236; x_wconf 86' lang='lat' dir='ltr'>transferuntur.</span> <span class='ocrx_word' id='word_1_200' title='bbox 1630 1179 1680 1223; x_wconf 87' lang='lat' dir='ltr'>In</span> <span class='ocrx_word' id='word_1_201' title='bbox 1706 1175 1939 1222; x_wconf 81' lang='lat' dir='ltr'>Hollandia</span> 
     </span>
     <span class='ocr_line' id='line_1_20' title="bbox 419 1231 1940 1301; baseline -0.003 -14"><span class='ocrx_word' id='word_1_202' title='bbox 419 1257 512 1287; x_wconf 91' lang='lat' dir='ltr'>non</span> <span class='ocrx_word' id='word_1_203' title='bbox 530 1244 674 1294; x_wconf 81' lang='lat' dir='ltr'>minus</span> <span class='ocrx_word' id='word_1_204' title='bbox 693 1243 871 1301; x_wconf 87' lang='lat' dir='ltr'>diligens</span> <span class='ocrx_word' id='word_1_205' title='bbox 894 1257 1049 1288; x_wconf 90' lang='lat' dir='ltr'>eorum</span> <span class='ocrx_word' id='word_1_206' title='bbox 1067 1242 1249 1288; x_wconf 83' lang='lat' dir='ltr'>habetur</span> <span class='ocrx_word' id='word_1_207' title='bbox 1272 1257 1389 1288; x_wconf 76' lang='lat' dir='ltr'>cura.</span> <span class='ocrx_word' id='word_1_208' title='bbox 1423 1241 1505 1286; x_wconf 85' lang='lat' dir='ltr'>vid.</span> <span class='ocrx_word' id='word_1_209' title='bbox 1530 1237 1665 1298; x_wconf 80' lang='lat' dir='ltr'>STY</span> <span class='ocrx_word' id='word_1_210' title='bbox 1684 1236 1714 1281; x_wconf 91' lang='lat' dir='ltr'>P</span> <span class='ocrx_word' id='word_1_211' title='bbox 1727 1236 1782 1283; x_wconf 91' lang='lat' dir='ltr'>M</span> <span class='ocrx_word' id='word_1_212' title='bbox 1794 1236 1829 1278; x_wconf 78' lang='grc' dir='ltr'><strong>Α</strong></span> <span class='ocrx_word' id='word_1_213' title='bbox 1843 1233 1885 1280; x_wconf 90' lang='grc' dir='ltr'>Ν</span> <span class='ocrx_word' id='word_1_214' title='bbox 1897 1231 1940 1279; x_wconf 89' lang='lat' dir='ltr'>N</span> 
     </span>
     <span class='ocr_line' id='line_1_21' title="bbox 421 1295 1750 1362; baseline -0.002 -15"><span class='ocrx_word' id='word_1_215' title='bbox 421 1302 514 1359; x_wconf 52' lang='lat'>113.</span> <span class='ocrx_word' id='word_1_216' title='bbox 527 1317 558 1346; x_wconf 89' lang='lat' dir='ltr'>c.</span> <span class='ocrx_word' id='word_1_217' title='bbox 571 1316 621 1348; x_wconf 91' lang='grc' dir='ltr'>ιο.</span> <span class='ocrx_word' id='word_1_218' title='bbox 644 1317 683 1347; x_wconf 90' lang='lat' dir='ltr'>n.</span> <span class='ocrx_word' id='word_1_219' title='bbox 689 1305 753 1358; x_wconf 84' lang='lat'><em>5-6.</em></span> <span class='ocrx_word' id='word_1_220' title='bbox 759 1315 803 1362; x_wconf 85' lang='lat' dir='ltr'>p.</span> <span class='ocrx_word' id='word_1_221' title='bbox 815 1304 903 1358; x_wconf 71' lang='lat'>465.</span> <span class='ocrx_word' id='word_1_222' title='bbox 1746 1295 1750 1300; x_wconf 77' lang='grc'><strong>’</strong></span> 
     </span>
    </p>

    <p class='ocr_par' dir='ltr' id='par_1_4' title="bbox 344 1351 1942 1714">
     <span class='ocr_line' id='line_1_22' title="bbox 344 1351 1940 1420; baseline -0.007 -14"><span class='ocrx_word' id='word_1_223' title='bbox 344 1359 394 1420; x_wconf 88' lang='lat' dir='ltr'>n)</span> <span class='ocrx_word' id='word_1_224' title='bbox 425 1360 556 1405; x_wconf 88' lang='lat' dir='ltr'>Casus</span> <span class='ocrx_word' id='word_1_225' title='bbox 578 1363 723 1413; x_wconf 87' lang='lat' dir='ltr'>maris,</span> <span class='ocrx_word' id='word_1_226' title='bbox 745 1374 957 1419; x_wconf 87' lang='lat' dir='ltr'>quantum</span> <span class='ocrx_word' id='word_1_227' title='bbox 975 1362 1084 1406; x_wconf 88' lang='lat' dir='ltr'>mihi</span> <span class='ocrx_word' id='word_1_228' title='bbox 1107 1361 1284 1419; x_wconf 90' lang='lat' dir='ltr'>quidem</span> <span class='ocrx_word' id='word_1_229' title='bbox 1317 1360 1510 1412; x_wconf 84' lang='lat' dir='ltr'>videtur,</span> <span class='ocrx_word' id='word_1_230' title='bbox 1534 1358 1651 1402; x_wconf 79' lang='lat' dir='ltr'>saluo</span> <span class='ocrx_word' id='word_1_231' title='bbox 1671 1353 1826 1400; x_wconf 64' lang='lat' dir='ltr'>rediius</span> <span class='ocrx_word' id='word_1_232' title='bbox 1849 1351 1940 1396; x_wconf 87' lang='lat' dir='ltr'>sen·</span> 
     </span>
     <span class='ocr_line' id='line_1_23' title="bbox 422 1411 1939 1478; baseline -0.007 -14"><span class='ocrx_word' id='word_1_233' title='bbox 422 1421 624 1466; x_wconf 87' lang='lat' dir='ltr'>tientium</span> <span class='ocrx_word' id='word_1_234' title='bbox 647 1421 835 1474; x_wconf 85' lang='lat' dir='ltr'>iudiciO,</span> <span class='ocrx_word' id='word_1_235' title='bbox 857 1418 934 1467; x_wconf 88' lang='lat' dir='ltr'>sub</span> <span class='ocrx_word' id='word_1_236' title='bbox 953 1420 994 1464; x_wconf 89' lang='lat' dir='ltr'>se</span> <span class='ocrx_word' id='word_1_237' title='bbox 1027 1420 1358 1478; x_wconf 87' lang='lat' dir='ltr'>comprehendit</span> <span class='ocrx_word' id='word_1_238' title='bbox 1378 1419 1615 1468; x_wconf 88' lang='lat' dir='ltr'>damnum,</span> <span class='ocrx_word' id='word_1_239' title='bbox 1641 1431 1730 1475; x_wconf 90' lang='lat' dir='ltr'>quo</span> <span class='ocrx_word' id='word_1_240' title='bbox 1753 1416 1797 1457; x_wconf 82' lang='lat' dir='ltr'>in</span> <span class='ocrx_word' id='word_1_241' title='bbox 1826 1411 1939 1455; x_wconf 79' lang='lat' dir='ltr'>mari</span> 
     </span>
     <span class='ocr_line' id='line_1_24' title="bbox 421 1472 1938 1537; baseline -0.006 -15"><span class='ocrx_word' id='word_1_242' title='bbox 421 1494 681 1537; x_wconf 87' lang='lat' dir='ltr'>quocunque</span> <span class='ocrx_word' id='word_1_243' title='bbox 704 1480 841 1525; x_wconf 82' lang='lat' dir='ltr'>modo</span> <span class='ocrx_word' id='word_1_244' title='bbox 866 1480 1034 1532; x_wconf 80' lang='lat' dir='ltr'>accidit,</span> <span class='ocrx_word' id='word_1_245' title='bbox 1060 1491 1102 1523; x_wconf 89' lang='lat' dir='ltr'>et</span> <span class='ocrx_word' id='word_1_246' title='bbox 1123 1479 1210 1523; x_wconf 90' lang='lat' dir='ltr'>hoc</span> <span class='ocrx_word' id='word_1_247' title='bbox 1229 1481 1410 1523; x_wconf 81' lang='lat' dir='ltr'>innuere</span> <span class='ocrx_word' id='word_1_248' title='bbox 1430 1479 1630 1521; x_wconf 85' lang='lat' dir='ltr'>videntur</span> <span class='ocrx_word' id='word_1_249' title='bbox 1652 1472 1804 1524; x_wconf 79' lang='lat' dir='ltr'>verba,</span> <span class='ocrx_word' id='word_1_250' title='bbox 1829 1484 1938 1528; x_wconf 82' lang='lat' dir='ltr'>quae</span> 
     </span>
     <span class='ocr_line' id='line_1_25' title="bbox 417 1530 1940 1596; baseline -0.009 -12"><span class='ocrx_word' id='word_1_251' title='bbox 417 1540 652 1596; x_wconf 84' lang='lat' dir='ltr'>sequuntur</span> <span class='ocrx_word' id='word_1_252' title='bbox 675 1553 763 1582; x_wconf 81' lang='lat' dir='ltr'>van</span> <span class='ocrx_word' id='word_1_253' title='bbox 785 1538 919 1589; x_wconf 85' lang='lat' dir='ltr'>Vuur,</span> <span class='ocrx_word' id='word_1_254' title='bbox 940 1552 1024 1582; x_wconf 84' lang='lat' dir='ltr'>van</span> <span class='ocrx_word' id='word_1_255' title='bbox 1044 1537 1213 1582; x_wconf 83' lang='lat' dir='ltr'>Winden</span> <span class='ocrx_word' id='word_1_256' title='bbox 1235 1549 1309 1580; x_wconf 80' lang='lat' dir='ltr'>etc.</span> <span class='ocrx_word' id='word_1_257' title='bbox 1332 1551 1436 1581; x_wconf 86' lang='lat' dir='ltr'>nam</span> <span class='ocrx_word' id='word_1_258' title='bbox 1458 1534 1646 1592; x_wconf 78' lang='lat' dir='ltr'>exempli</span> <span class='ocrx_word' id='word_1_259' title='bbox 1656 1532 1777 1576; x_wconf 77' lang='lat' dir='ltr'>causa</span> <span class='ocrx_word' id='word_1_260' title='bbox 1790 1530 1940 1573; x_wconf 83' lang='lat' dir='ltr'>viden·</span> 
     </span>
     <span class='ocr_line' id='line_1_26' title="bbox 422 1586 1942 1657; baseline 0.001 -17"><span class='ocrx_word' id='word_1_261' title='bbox 422 1607 492 1651; x_wconf 86' lang='lat' dir='ltr'>tur</span> <span class='ocrx_word' id='word_1_262' title='bbox 513 1595 592 1642; x_wconf 84' lang='lat' dir='ltr'>effe</span> <span class='ocrx_word' id='word_1_263' title='bbox 613 1597 786 1643; x_wconf 63' lang='lat' dir='ltr'>adiecia.</span> <span class='ocrx_word' id='word_1_264' title='bbox 820 1596 936 1642; x_wconf 87' lang='lat' dir='ltr'>conf.</span> <span class='ocrx_word' id='word_1_265' title='bbox 957 1598 1080 1657; x_wconf 88' lang='lat' dir='ltr'>supra</span> <span class='ocrx_word' id='word_1_266' title='bbox 1098 1595 1267 1644; x_wconf 53' lang='lat' dir='ltr'>Seffll.</span> <span class='ocrx_word' id='word_1_267' title='bbox 1276 1598 1377 1653; x_wconf 63' lang='lat' dir='ltr'>§.uz</span> <span class='ocrx_word' id='word_1_268' title='bbox 1400 1604 1442 1641; x_wconf 89' lang='lat' dir='ltr'>et</span> <span class='ocrx_word' id='word_1_269' title='bbox 1461 1597 1577 1653; x_wconf 87' lang='lat' dir='ltr'>iung.</span> <span class='ocrx_word' id='word_1_270' title='bbox 1593 1586 1942 1641; x_wconf 78' lang='lat' dir='ltr'><strong>STYPMANN·</strong></span> 
     </span>
     <span class='ocr_line' id='line_1_27' title="bbox 420 1656 1163 1714; baseline -0.003 -14"><span class='ocrx_word' id='word_1_271' title='bbox 420 1656 469 1700; x_wconf 91' lang='lat' dir='ltr'>P.</span> <span class='ocrx_word' id='word_1_272' title='bbox 483 1672 524 1707; x_wconf 82' lang='grc'><em>4.</em></span> <span class='ocrx_word' id='word_1_273' title='bbox 539 1671 568 1700; x_wconf 91' lang='lat' dir='ltr'>c.</span> <span class='ocrx_word' id='word_1_274' title='bbox 585 1672 621 1700; x_wconf 90' lang='lat'>2.</span> <span class='ocrx_word' id='word_1_275' title='bbox 647 1672 686 1701; x_wconf 87' lang='lat' dir='ltr'>n.</span> <span class='ocrx_word' id='word_1_276' title='bbox 700 1671 766 1705; x_wconf 70' lang='lat' dir='ltr'>lot.</span> <span class='ocrx_word' id='word_1_277' title='bbox 769 1668 814 1714; x_wconf 85' lang='lat' dir='ltr'>p.</span> <span class='ocrx_word' id='word_1_278' title='bbox 817 1670 888 1714; x_wconf 74' lang='lat'>32.</span> <span class='ocrx_word' id='word_1_279' title='bbox 1160 1688 1163 1689; x_wconf 20' lang='grc' dir='ltr'><em>ν</em></span> 
     </span>
    </p>

    <p class='ocr_par' dir='ltr' id='par_1_5' title="bbox 345 1707 1944 1876">
     <span class='ocr_line' id='line_1_28' title="bbox 345 1707 1944 1773; baseline -0.006 -15"><span class='ocrx_word' id='word_1_280' title='bbox 345 1713 394 1773; x_wconf 91' lang='lat' dir='ltr'>o)</span> <span class='ocrx_word' id='word_1_281' title='bbox 428 1713 545 1759; x_wconf 83' lang='lat' dir='ltr'><strong>Licet</strong></span> <span class='ocrx_word' id='word_1_282' title='bbox 566 1717 698 1763; x_wconf 83' lang='lat' dir='ltr'>etiam</span> <span class='ocrx_word' id='word_1_283' title='bbox 730 1715 820 1762; x_wconf 62' lang='lat' dir='ltr'>ictu</span> <span class='ocrx_word' id='word_1_284' title='bbox 849 1714 1045 1760; x_wconf 83' lang='lat' dir='ltr'>fulminis</span> <span class='ocrx_word' id='word_1_285' title='bbox 1067 1716 1193 1761; x_wconf 87' lang='lat' dir='ltr'>nauis</span> <span class='ocrx_word' id='word_1_286' title='bbox 1227 1715 1365 1760; x_wconf 87' lang='lat' dir='ltr'>exusta</span> <span class='ocrx_word' id='word_1_287' title='bbox 1384 1713 1460 1766; x_wconf 83' lang='lat' dir='ltr'>fit,</span> <span class='ocrx_word' id='word_1_288' title='bbox 1485 1727 1565 1772; x_wconf 87' lang='lat' dir='ltr'>per</span> <span class='ocrx_word' id='word_1_289' title='bbox 1586 1727 1667 1763; x_wconf 62' lang='grc' dir='ltr'>επις</span> <span class='ocrx_word' id='word_1_290' title='bbox 1685 1721 1794 1769; x_wconf 85' lang='lat' dir='ltr'>quae</span> <span class='ocrx_word' id='word_1_291' title='bbox 1818 1707 1944 1765; x_wconf 83' lang='lat' dir='ltr'>supra</span> 
     </span>
     <span class='ocr_line' id='line_1_29' title="bbox 420 1766 1942 1876; baseline -0.006 -57"><span class='ocrx_word' id='word_1_292' title='bbox 420 1771 525 1876; x_wconf 44' lang='lat'>8552&amp;</span> <span class='ocrx_word' id='word_1_293' title='bbox 546 1773 578 1818; x_wconf 91' lang='lat' dir='ltr'>I.</span> <span class='ocrx_word' id='word_1_294' title='bbox 599 1776 645 1829; x_wconf 55' lang='grc' dir='ltr'>,οἵ</span> <span class='ocrx_word' id='word_1_295' title='bbox 663 1791 704 1833; x_wconf 82' lang='lat'>9.</span> <span class='ocrx_word' id='word_1_296' title='bbox 738 1775 958 1820; x_wconf 86' lang='lat' dir='ltr'>attulimus</span> <span class='ocrx_word' id='word_1_297' title='bbox 978 1808 992 1827; x_wconf 93' lang='lat'><strong>,</strong></span> <span class='ocrx_word' id='word_1_298' title='bbox 1021 1774 1140 1820; x_wconf 86' lang='lat' dir='ltr'>secus</span> <span class='ocrx_word' id='word_1_299' title='bbox 1162 1808 1177 1828; x_wconf 89' lang='lat'>,</span> <span class='ocrx_word' id='word_1_300' title='bbox 1209 1789 1344 1832; x_wconf 80' lang='lat' dir='ltr'>quam</span> <span class='ocrx_word' id='word_1_301' title='bbox 1390 1782 1512 1832; x_wconf 87' lang='lat' dir='ltr'>putat</span> <span class='ocrx_word' id='word_1_302' title='bbox 1540 1770 1729 1817; x_wconf 75' lang='lat' dir='ltr'>STRA</span> <span class='ocrx_word' id='word_1_303' title='bbox 1743 1766 1942 1814; x_wconf 80' lang='lat' dir='ltr'>CCHA</span> 
     </span>
    </p>

    <p class='ocr_par' dir='ltr' id='par_1_6' title="bbox 469 1842 973 1882">
     <span class='ocr_line' id='line_1_30' title="bbox 469 1842 973 1882; baseline 0.002 -6"><span class='ocrx_word' id='word_1_304' title='bbox 469 1842 542 1882; x_wconf 51' lang='grc' dir='ltr'>ΑΒ.</span> <span class='ocrx_word' id='word_1_305' title='bbox 562 1847 606 1880; x_wconf 82' lang='lat' dir='ltr'>n.</span> <span class='ocrx_word' id='word_1_306' title='bbox 620 1848 657 1878; x_wconf 89' lang='lat'>2.</span> <span class='ocrx_word' id='word_1_307' title='bbox 971 1875 973 1877; x_wconf 84' lang='grc'><em>,</em></span> 
     </span>
    </p>

    <p class='ocr_par' dir='ltr' id='par_1_7' title="bbox 345 1887 1942 2072">
     <span class='ocr_line' id='line_1_31' title="bbox 345 1887 1941 1952; baseline -0.003 -17"><span class='ocrx_word' id='word_1_308' title='bbox 345 1897 394 1949; x_wconf 85' lang='lat' dir='ltr'>p)</span> <span class='ocrx_word' id='word_1_309' title='bbox 452 1891 508 1935; x_wconf 90' lang='lat' dir='ltr'>ub</span> <span class='ocrx_word' id='word_1_310' title='bbox 531 1890 609 1935; x_wconf 91' lang='lat' dir='ltr'>hac</span> <span class='ocrx_word' id='word_1_311' title='bbox 633 1905 741 1934; x_wconf 89' lang='lat' dir='ltr'>voce</span> <span class='ocrx_word' id='word_1_312' title='bbox 773 1892 974 1937; x_wconf 82' lang='lat' dir='ltr'>videntur</span> <span class='ocrx_word' id='word_1_313' title='bbox 994 1907 1044 1938; x_wconf 89' lang='lat' dir='ltr'>ea</span> <span class='ocrx_word' id='word_1_314' title='bbox 1071 1893 1226 1937; x_wconf 87' lang='lat' dir='ltr'>damna</span> <span class='ocrx_word' id='word_1_315' title='bbox 1257 1892 1430 1952; x_wconf 85' lang='lat' dir='ltr'>proprie</span> <span class='ocrx_word' id='word_1_316' title='bbox 1460 1887 1801 1948; x_wconf 83' lang='lat' dir='ltr'>comprehendi,</span> <span class='ocrx_word' id='word_1_317' title='bbox 1830 1897 1941 1943; x_wconf 85' lang='lat' dir='ltr'>quae</span> 
     </span>
     <span class='ocr_line' id='line_1_32' title="bbox 419 1943 1942 2008; baseline -0.005 -15"><span class='ocrx_word' id='word_1_318' title='bbox 419 1951 461 1993; x_wconf 89' lang='lat' dir='ltr'>vi</span> <span class='ocrx_word' id='word_1_319' title='bbox 505 1949 762 2007; x_wconf 87' lang='lat' dir='ltr'>tempestatis</span> <span class='ocrx_word' id='word_1_320' title='bbox 781 1974 803 2002; x_wconf 62' lang='lat'>,‹</span> <span class='ocrx_word' id='word_1_321' title='bbox 839 1962 880 1995; x_wconf 92' lang='lat' dir='ltr'>et</span> <span class='ocrx_word' id='word_1_322' title='bbox 919 1952 1206 2008; x_wconf 77' lang='lat' dir='ltr'>procellarum</span> <span class='ocrx_word' id='word_1_323' title='bbox 1240 1951 1523 2006; x_wconf 78' lang='lat' dir='ltr'>contingunt3</span> <span class='ocrx_word' id='word_1_324' title='bbox 1568 1948 1621 1993; x_wconf 87' lang='lat' dir='ltr'>de</span> <span class='ocrx_word' id='word_1_325' title='bbox 1657 1944 1812 2004; x_wconf 88' lang='lat' dir='ltr'>quibus</span> <span class='ocrx_word' id='word_1_326' title='bbox 1845 1943 1942 1987; x_wconf 84' lang='lat' dir='ltr'>vide</span> 
     </span>
     <span class='ocr_line' id='line_1_33' title="bbox 420 2005 1445 2072; baseline -0.003 -19"><span class='ocrx_word' id='word_1_327' title='bbox 420 2007 753 2069; x_wconf 24' lang='lat' dir='ltr'>STRACCHAJ</span> <span class='ocrx_word' id='word_1_328' title='bbox 759 2008 820 2070; x_wconf 84' lang='lat' dir='ltr'>gl.</span> <span class='ocrx_word' id='word_1_329' title='bbox 835 2023 885 2062; x_wconf 90' lang='grc' dir='ltr'><em>ι7.</em></span> <span class='ocrx_word' id='word_1_330' title='bbox 910 2008 1036 2054; x_wconf 72' lang='lat' dir='ltr'>iune&#39;i.</span> <span class='ocrx_word' id='word_1_331' title='bbox 1048 2009 1113 2072; x_wconf 79' lang='lat' dir='ltr'>gl.</span> <span class='ocrx_word' id='word_1_332' title='bbox 1126 2024 1184 2054; x_wconf 85' lang='lat'>22.</span> <span class='ocrx_word' id='word_1_333' title='bbox 1197 2024 1236 2052; x_wconf 90' lang='lat' dir='ltr'>n.</span> <span class='ocrx_word' id='word_1_334' title='bbox 1251 2023 1276 2052; x_wconf 84' lang='lat'>1.</span> <span class='ocrx_word' id='word_1_335' title='bbox 1289 2011 1335 2051; x_wconf 85' lang='lat' dir='ltr'>in</span> <span class='ocrx_word' id='word_1_336' title='bbox 1339 2005 1445 2069; x_wconf 53' lang='lat' dir='ltr'>fir}w</span> 
     </span>
    </p>

    <p class='ocr_par' dir='ltr' id='par_1_8' title="bbox 343 2062 1976 2657">
     <span class='ocr_line' id='line_1_34' title="bbox 343 2062 1938 2128; baseline -0.006 -16"><span class='ocrx_word' id='word_1_337' title='bbox 343 2065 392 2128; x_wconf 89' lang='lat' dir='ltr'>q)</span> <span class='ocrx_word' id='word_1_338' title='bbox 423 2067 526 2112; x_wconf 91' lang='lat' dir='ltr'>Hoc</span> <span class='ocrx_word' id='word_1_339' title='bbox 546 2068 788 2125; x_wconf 89' lang='lat' dir='ltr'>periculum</span> <span class='ocrx_word' id='word_1_340' title='bbox 807 2068 905 2112; x_wconf 89' lang='lat' dir='ltr'>inde</span> <span class='ocrx_word' id='word_1_341' title='bbox 928 2069 1009 2120; x_wconf 85' lang='lat' dir='ltr'>esl,</span> <span class='ocrx_word' id='word_1_342' title='bbox 1027 2069 1196 2125; x_wconf 84' lang='lat' dir='ltr'>quando</span> <span class='ocrx_word' id='word_1_343' title='bbox 1223 2067 1422 2125; x_wconf 84' lang='lat' dir='ltr'>magister</span> <span class='ocrx_word' id='word_1_344' title='bbox 1448 2065 1569 2109; x_wconf 82' lang='lat' dir='ltr'>nauis</span> <span class='ocrx_word' id='word_1_345' title='bbox 1595 2062 1684 2109; x_wconf 89' lang='lat' dir='ltr'>fiue</span> <span class='ocrx_word' id='word_1_346' title='bbox 1714 2062 1938 2108; x_wconf 81' lang='lat' dir='ltr'>nauclerus</span> 
     </span>
     <span class='ocr_line' id='line_1_35' title="bbox 420 2118 1940 2185; baseline -0.007 -13"><span class='ocrx_word' id='word_1_347' title='bbox 420 2127 566 2172; x_wconf 88' lang='lat' dir='ltr'>secum</span> <span class='ocrx_word' id='word_1_348' title='bbox 589 2124 718 2170; x_wconf 87' lang='lat' dir='ltr'>habet</span> <span class='ocrx_word' id='word_1_349' title='bbox 741 2127 879 2170; x_wconf 79' lang='lat' dir='ltr'>literas</span> <span class='ocrx_word' id='word_1_350' title='bbox 898 2125 1131 2185; x_wconf 79' lang='lat' dir='ltr'>compaffus</span> <span class='ocrx_word' id='word_1_351' title='bbox 1153 2124 1392 2184; x_wconf 82' lang='lat' dir='ltr'>(Paffeport</span> <span class='ocrx_word' id='word_1_352' title='bbox 1417 2124 1500 2169; x_wconf 83' lang='lat' dir='ltr'>vid.</span> <span class='ocrx_word' id='word_1_353' title='bbox 1524 2122 1583 2167; x_wconf 87' lang='lat' dir='ltr'>Us</span> <span class='ocrx_word' id='word_1_354' title='bbox 1601 2134 1643 2166; x_wconf 84' lang='lat' dir='ltr'>et</span> <span class='ocrx_word' id='word_1_355' title='bbox 1669 2120 1866 2180; x_wconf 87' lang='lat' dir='ltr'>Coustum.</span> <span class='ocrx_word' id='word_1_356' title='bbox 1890 2118 1940 2163; x_wconf 77' lang='lat' dir='ltr'>de</span> 
     </span>
     <span class='ocr_line' id='line_1_36' title="bbox 420 2180 1937 2244; baseline -0.005 -13"><span class='ocrx_word' id='word_1_357' title='bbox 420 2187 466 2231; x_wconf 89' lang='lat' dir='ltr'>la</span> <span class='ocrx_word' id='word_1_358' title='bbox 491 2186 599 2229; x_wconf 81' lang='lat' dir='ltr'>Mer.</span> <span class='ocrx_word' id='word_1_359' title='bbox 614 2186 705 2243; x_wconf 71' lang='lat' dir='ltr'><strong><em>P.3.</em></strong></span> <span class='ocrx_word' id='word_1_360' title='bbox 720 2201 760 2229; x_wconf 86' lang='lat' dir='ltr'>n.</span> <span class='ocrx_word' id='word_1_361' title='bbox 773 2201 804 2228; x_wconf 89' lang='lat'>2.</span> <span class='ocrx_word' id='word_1_362' title='bbox 811 2199 855 2244; x_wconf 86' lang='lat' dir='ltr'>p.</span> <span class='ocrx_word' id='word_1_363' title='bbox 862 2188 980 2243; x_wconf 68' lang='lat'><em>539.)</em></span> <span class='ocrx_word' id='word_1_364' title='bbox 1001 2198 1046 2228; x_wconf 80' lang='lat' dir='ltr'>·v.</span> <span class='ocrx_word' id='word_1_365' title='bbox 1061 2202 1100 2244; x_wconf 90' lang='lat' dir='ltr'>g.</span> <span class='ocrx_word' id='word_1_366' title='bbox 1116 2185 1327 2230; x_wconf 86' lang='lat' dir='ltr'>Holmiae</span> <span class='ocrx_word' id='word_1_367' title='bbox 1349 2184 1521 2241; x_wconf 86' lang='lat' dir='ltr'>scriptas</span> <span class='ocrx_word' id='word_1_368' title='bbox 1542 2182 1688 2239; x_wconf 73' lang='grc' dir='ltr'><strong>((εἰηεη</strong></span> <span class='ocrx_word' id='word_1_369' title='bbox 1701 2180 1937 2232; x_wconf 63' lang='grc' dir='ltr'>((ὄεετῖὃτίεῖ,</span> 
     </span>
     <span class='ocr_line' id='line_1_37' title="bbox 421 2238 1976 2304; baseline -0.007 -12"><span class='ocrx_word' id='word_1_370' title='bbox 421 2248 530 2292; x_wconf 78' lang='lat' dir='ltr'>einen</span> <span class='ocrx_word' id='word_1_371' title='bbox 552 2246 650 2302; x_wconf 58' lang='lat'>2³⁶1&amp;-</span> <span class='ocrx_word' id='word_1_372' title='bbox 674 2245 754 2288; x_wconf 83' lang='lat' dir='ltr'>vid.</span> <span class='ocrx_word' id='word_1_373' title='bbox 778 2243 1136 2304; x_wconf 77' lang='lat' dir='ltr'><strong>MARQVARD.</strong></span> <span class='ocrx_word' id='word_1_374' title='bbox 1157 2244 1208 2288; x_wconf 82' lang='lat' dir='ltr'>de</span> <span class='ocrx_word' id='word_1_375' title='bbox 1228 2244 1314 2288; x_wconf 84' lang='lat' dir='ltr'>Iur.</span> <span class='ocrx_word' id='word_1_376' title='bbox 1337 2243 1518 2287; x_wconf 68' lang='lat' dir='ltr'>Nlercat.</span> <span class='ocrx_word' id='word_1_377' title='bbox 1542 2242 1568 2286; x_wconf 86' lang='lat' dir='ltr'>l.</span> <span class='ocrx_word' id='word_1_378' title='bbox 1590 2256 1625 2286; x_wconf 86' lang='lat'>2.</span> <span class='ocrx_word' id='word_1_379' title='bbox 1647 2257 1678 2284; x_wconf 86' lang='lat' dir='ltr'>c.</span> <span class='ocrx_word' id='word_1_380' title='bbox 1699 2254 1739 2298; x_wconf 69' lang='lat'>3.</span> <span class='ocrx_word' id='word_1_381' title='bbox 1762 2255 1803 2284; x_wconf 90' lang='lat' dir='ltr'>n.</span> <span class='ocrx_word' id='word_1_382' title='bbox 1826 2253 1900 2294; x_wconf 84' lang='lat'><em>109.</em></span> <span class='ocrx_word' id='word_1_383' title='bbox 1921 2238 1940 2296; x_wconf 92' lang='lat'>)</span> <span class='ocrx_word' id='word_1_384' title='bbox 1974 2239 1976 2241; x_wconf 69' lang='grc'><strong><em>’</em></strong></span> 
     </span>
     <span class='ocr_line' id='line_1_38' title="bbox 420 2298 1941 2364; baseline -0.005 -17"><span class='ocrx_word' id='word_1_385' title='bbox 420 2318 527 2361; x_wconf 88' lang='lat' dir='ltr'>quas</span> <span class='ocrx_word' id='word_1_386' title='bbox 558 2304 706 2364; x_wconf 84' lang='lat' dir='ltr'>piratis</span> <span class='ocrx_word' id='word_1_387' title='bbox 739 2314 780 2347; x_wconf 90' lang='lat' dir='ltr'>et</span> <span class='ocrx_word' id='word_1_388' title='bbox 801 2302 1109 2362; x_wconf 79' lang='lat' dir='ltr'>aggrefforibus</span> <span class='ocrx_word' id='word_1_389' title='bbox 1130 2304 1220 2348; x_wconf 87' lang='lat' dir='ltr'>aliis</span> <span class='ocrx_word' id='word_1_390' title='bbox 1235 2302 1481 2347; x_wconf 60' lang='lat' dir='ltr'>securitatis</span> <span class='ocrx_word' id='word_1_391' title='bbox 1503 2300 1600 2344; x_wconf 86' lang='lat' dir='ltr'>suae</span> <span class='ocrx_word' id='word_1_392' title='bbox 1621 2300 1743 2344; x_wconf 85' lang='lat' dir='ltr'>causa</span> <span class='ocrx_word' id='word_1_393' title='bbox 1759 2298 1877 2357; x_wconf 85' lang='lat' dir='ltr'>quasi</span> <span class='ocrx_word' id='word_1_394' title='bbox 1887 2309 1941 2342; x_wconf 88' lang='lat' dir='ltr'>ex</span> 
     </span>
     <span class='ocr_line' id='line_1_39' title="bbox 418 2359 1938 2417; baseline -0.005 -10"><span class='ocrx_word' id='word_1_395' title='bbox 418 2362 572 2408; x_wconf 89' lang='lat' dir='ltr'>Suedia</span> <span class='ocrx_word' id='word_1_396' title='bbox 588 2366 758 2408; x_wconf 80' lang='lat' dir='ltr'>veniens</span> <span class='ocrx_word' id='word_1_397' title='bbox 781 2361 964 2416; x_wconf 83' lang='lat' dir='ltr'>exhibet,</span> <span class='ocrx_word' id='word_1_398' title='bbox 985 2362 1031 2406; x_wconf 92' lang='lat' dir='ltr'>hi</span> <span class='ocrx_word' id='word_1_399' title='bbox 1057 2377 1162 2406; x_wconf 89' lang='lat' dir='ltr'>vero</span> <span class='ocrx_word' id='word_1_400' title='bbox 1183 2362 1305 2408; x_wconf 86' lang='lat' dir='ltr'>altius</span> <span class='ocrx_word' id='word_1_401' title='bbox 1334 2376 1429 2406; x_wconf 89' lang='lat' dir='ltr'>rem</span> <span class='ocrx_word' id='word_1_402' title='bbox 1462 2374 1646 2404; x_wconf 86' lang='lat' dir='ltr'>omnem</span> <span class='ocrx_word' id='word_1_403' title='bbox 1676 2359 1938 2417; x_wconf 85' lang='lat' dir='ltr'>indagantes,</span> 
     </span>
     <span class='ocr_line' id='line_1_40' title="bbox 421 2417 1938 2480; baseline -0.005 -15"><span class='ocrx_word' id='word_1_404' title='bbox 421 2431 464 2465; x_wconf 87' lang='lat' dir='ltr'>et</span> <span class='ocrx_word' id='word_1_405' title='bbox 487 2423 637 2466; x_wconf 84' lang='lat' dir='ltr'>nauim</span> <span class='ocrx_word' id='word_1_406' title='bbox 658 2434 708 2465; x_wconf 86' lang='lat' dir='ltr'>ac</span> <span class='ocrx_word' id='word_1_407' title='bbox 729 2421 848 2465; x_wconf 86' lang='lat' dir='ltr'>cistas</span> <span class='ocrx_word' id='word_1_408' title='bbox 870 2420 1094 2466; x_wconf 73' lang='lat' dir='ltr'>vecflorum</span> <span class='ocrx_word' id='word_1_409' title='bbox 1115 2422 1409 2480; x_wconf 87' lang='lat' dir='ltr'>perquirentes</span> <span class='ocrx_word' id='word_1_410' title='bbox 1423 2420 1652 2464; x_wconf 86' lang='lat' dir='ltr'>inueniunt</span> <span class='ocrx_word' id='word_1_411' title='bbox 1673 2418 1813 2462; x_wconf 82' lang='lat' dir='ltr'>literas</span> <span class='ocrx_word' id='word_1_412' title='bbox 1837 2417 1938 2460; x_wconf 86' lang='lat' dir='ltr'>alias</span> 
     </span>
     <span class='ocr_line' id='line_1_41' title="bbox 420 2473 1937 2539; baseline -0.004 -15"><span class='ocrx_word' id='word_1_413' title='bbox 420 2477 670 2538; x_wconf 87' lang='lat' dir='ltr'>Hamburgi</span> <span class='ocrx_word' id='word_1_414' title='bbox 694 2494 730 2522; x_wconf 84' lang='grc' dir='ltr'><em>ν.</em></span> <span class='ocrx_word' id='word_1_415' title='bbox 746 2497 785 2538; x_wconf 89' lang='lat' dir='ltr'>g.</span> <span class='ocrx_word' id='word_1_416' title='bbox 808 2495 900 2524; x_wconf 91' lang='lat' dir='ltr'>non</span> <span class='ocrx_word' id='word_1_417' title='bbox 924 2483 981 2524; x_wconf 88' lang='lat' dir='ltr'>ita</span> <span class='ocrx_word' id='word_1_418' title='bbox 1004 2482 1174 2539; x_wconf 86' lang='lat' dir='ltr'>pridem</span> <span class='ocrx_word' id='word_1_419' title='bbox 1193 2481 1394 2538; x_wconf 59' lang='lat' dir='ltr'>scriptae,</span> <span class='ocrx_word' id='word_1_420' title='bbox 1416 2488 1457 2523; x_wconf 91' lang='lat' dir='ltr'>et</span> <span class='ocrx_word' id='word_1_421' title='bbox 1480 2478 1583 2524; x_wconf 90' lang='lat' dir='ltr'>hinc</span> <span class='ocrx_word' id='word_1_422' title='bbox 1604 2473 1937 2526; x_wconf 88' lang='lat' dir='ltr'>concludunt‚se</span> 
     </span>
     <span class='ocr_line' id='line_1_42' title="bbox 419 2535 1940 2596; baseline -0.003 -13"><span class='ocrx_word' id='word_1_423' title='bbox 419 2537 528 2591; x_wconf 88' lang='lat' dir='ltr'>falli,</span> <span class='ocrx_word' id='word_1_424' title='bbox 548 2553 690 2596; x_wconf 88' lang='lat' dir='ltr'>neque</span> <span class='ocrx_word' id='word_1_425' title='bbox 709 2539 858 2583; x_wconf 83' lang='lat' dir='ltr'>nauim</span> <span class='ocrx_word' id='word_1_426' title='bbox 881 2541 1007 2585; x_wconf 76' lang='lat' dir='ltr'>illam.</span> <span class='ocrx_word' id='word_1_427' title='bbox 1023 2540 1224 2591; x_wconf 85' lang='lat' dir='ltr'>Holmia,</span> <span class='ocrx_word' id='word_1_428' title='bbox 1246 2540 1317 2584; x_wconf 89' lang='lat' dir='ltr'>sed</span> <span class='ocrx_word' id='word_1_429' title='bbox 1337 2535 1600 2596; x_wconf 83' lang='lat' dir='ltr'>Hamburgo</span> <span class='ocrx_word' id='word_1_430' title='bbox 1625 2537 1770 2581; x_wconf 88' lang='lat' dir='ltr'>venire</span> <span class='ocrx_word' id='word_1_431' title='bbox 1784 2569 1799 2588; x_wconf 90' lang='lat'>,</span> <span class='ocrx_word' id='word_1_432' title='bbox 1820 2548 1940 2580; x_wconf 87' lang='lat' dir='ltr'>eam·</span> 
     </span>
     <span class='ocr_line' id='line_1_43' title="bbox 420 2590 1953 2657; baseline -0.001 -17"><span class='ocrx_word' id='word_1_433' title='bbox 420 2611 506 2654; x_wconf 92' lang='lat' dir='ltr'>que</span> <span class='ocrx_word' id='word_1_434' title='bbox 532 2599 656 2649; x_wconf 90' lang='lat' dir='ltr'>adeo,</span> <span class='ocrx_word' id='word_1_435' title='bbox 674 2612 754 2656; x_wconf 91' lang='lat' dir='ltr'>pro</span> <span class='ocrx_word' id='word_1_436' title='bbox 776 2600 940 2643; x_wconf 85' lang='lat' dir='ltr'>ratione</span> <span class='ocrx_word' id='word_1_437' title='bbox 963 2599 1172 2657; x_wconf 83' lang='lat' dir='ltr'>temporis</span> <span class='ocrx_word' id='word_1_438' title='bbox 1205 2610 1248 2644; x_wconf 88' lang='lat' dir='ltr'>et</span> <span class='ocrx_word' id='word_1_439' title='bbox 1279 2599 1404 2644; x_wconf 82' lang='lat' dir='ltr'>ssatus</span> <span class='ocrx_word' id='word_1_440' title='bbox 1435 2596 1536 2642; x_wconf 86' lang='lat' dir='ltr'>belli</span> <span class='ocrx_word' id='word_1_441' title='bbox 1568 2596 1816 2657; x_wconf 79' lang='lat' dir='ltr'>capiendam</span> <span class='ocrx_word' id='word_1_442' title='bbox 1845 2590 1953 2646; x_wconf 63' lang='lat' dir='ltr'>effe,</span> 
     </span>
    </p>
   </div>
   <div class='ocr_carea' id='block_1_3' title="bbox 421 2656 1937 2774">
    <p class='ocr_par' dir='ltr' id='par_1_9' title="bbox 421 2656 1937 2774">
     <span class='ocr_line' id='line_1_44' title="bbox 421 2656 1054 2705; baseline 0.002 -4"><span class='ocrx_word' id='word_1_443' title='bbox 421 2665 495 2701; x_wconf 75' lang='lat' dir='ltr'>aut</span> <span class='ocrx_word' id='word_1_444' title='bbox 523 2657 569 2705; x_wconf 85' lang='lat' dir='ltr'>in</span> <span class='ocrx_word' id='word_1_445' title='bbox 598 2656 873 2705; x_wconf 83' lang='lat' dir='ltr'>commissum</span> <span class='ocrx_word' id='word_1_446' title='bbox 893 2660 1054 2705; x_wconf 78' lang='lat' dir='ltr'>cadere.</span> 
     </span>
     <span class='ocr_line' id='line_1_45' title="bbox 1089 2709 1937 2774; baseline -0.006 -12"><span class='ocrx_word' id='word_1_447' title='bbox 1089 2714 1132 2762; x_wconf 90' lang='lat' dir='ltr'>G</span> <span class='ocrx_word' id='word_1_448' title='bbox 1160 2731 1184 2774; x_wconf 83' lang='lat'><strong>3</strong></span> <span class='ocrx_word' id='word_1_449' title='bbox 1803 2714 1852 2773; x_wconf 87' lang='lat' dir='ltr'>r)</span> <span class='ocrx_word' id='word_1_450' title='bbox 1867 2709 1937 2757; x_wconf 67' lang='lat' dir='ltr'>Ex</span> 
     </span>
    </p>
   </div>
  </div>
 </body>
</html>
