2253 2991
771 84 898 145 DE
969 81 1428 149 PoleZA
1877 107 1936 178 31

290 206 466 277 pretii,
491 200 594 258 fiue
617 205 839 279 praemii
863 201 930 262 ab
955 201 1266 275 asi'ecurato,
1294 206 1473 263 e1usue
1501 222 1821 284 proxeneta,
1861 229 1943 273 ae-

294 285 438 356 cepti
457 277 550 352 ff).

451 373 564 429 XII.
602 372 800 430 Subiici
838 377 996 434 etiam
1039 371 1313 452 aliquando
1366 375 1490 434 sblet
1532 378 1664 437 haec
1711 382 1951 458 clausula,

292 448 445 526 quod
491 449 915 510 assecurationem
965 454 1279 509 intellec‘lam
1311 454 1472 510 velint
1513 455 1798 516 secundum
1834 462 1946 538 sty-

290 527 403 584 lum
429 541 481 583 et
502 524 886 598 obstinantiam
920 530 1107 587 Burffie
1130 532 1567 605 Antwerpienfis,
1607 539 1661 591 in
1687 553 1946 611 quantum

289 604 473 661 scilicet
493 604 736 678 praesens
757 605 823 662 illi
858 607 1071 682 polizza
1111 625 1219 664 non
1255 607 1515 684 derogat,
1560 611 1642 667 vel
1665 616 1822 675 etiam
1845 633 1944 689 per

287 682 480 739 statuta
507 681 750 741 locorum
777 726 793 754 ,
832 699 887 742 et
935 683 1337 758 consuetudines
1376 686 1514 743 aliud
1570 689 1941 754 introduetum

290 759 370 817 est
405 762 531 836 gg).

388 929 397 939 ·
437 850 607 909 XIII.
647 854 1041 921 Aflecuratores
1079 855 1220 917 bona
1251 857 1339 919 sua
1374 861 1605 938 generali
1625 862 1938 940 hypotheca

286 925 530 1004 obligant
570 930 688 1005 hh).
933 944 936 947 ’

452 1032 598 1089 XIV.
636 1032 967 1090 Renunciant
988 1033 1385 1091 Affecuratores
1416 1036 1570 1091 variis
1607 1036 1733 1094 iuris
1760 1053 1934 1096 reme-

284 1109 404 1179 diis,
432 1110 698 1186 quaeipsis
725 1109 1014 1167 secundum
1057 1113 1228 1184 apices
1266 1113 1391 1166 iuriS
1436 1112 1578 1167 forte
1622 1128 1933 1188 competere

280 1187 509 1261 possent:
549 1190 658 1245 imo
697 1193 750 1244 in
783 1205 982 1263 genere
1017 1186 1265 1244 omnibus
1299 1187 1497 1244 statutis
1519 1230 1536 1257 ,
1575 1187 1931 1250 Ordinationi-

224 1310 227 1313 .
281 1263 386 1323 bus
412 1281 505 1324 etc.
531 1283 664 1341 quae
685 1265 932 1322 Po‘lizzae
950 1268 1339 1322 contrariantur
1365 1267 1442 1337 ii).

459 1356 576 1413 XV.
610 1354 948 1415 Submittunt
972 1352 1019 1408 se
1044 1351 1439 1409 Affecuratores
1461 1365 1515 1408 et
1533 1352 1824 1411 Asiecurati
1850 1369 1929 1412 ar·

283 1432 446 1491 bitrio
475 1436 638 1490 trium
665 1430 1045 1495 mercatorum,
1071 1446 1307 1504 quorum
1330 1431 1381 1484 in
1394 1428 1492 1484 hac
1515 1447 1573 1485 re
1595 1431 1798 1487 nullum
1814 1448 1928 1488 ver-

276 1509 416 1566 satur
435 1509 699 1576 Interesse,
720 1508 894 1565 addita
924 1523 1097 1581 poena
1130 1520 1346 1560 centum
1378 1505 1704 1563 thalerorum
1734 1509 1937 1581 orpha*

218 1619 222 1621 <
280 1587 577 1662 notrophio
604 1584 1010 1653 ,soluendorum,
1041 1581 1078 1638 fi
1105 1582 1232 1637 huic
1256 1598 1365 1636 non
1388 1596 1635 1656 pareant,
1669 1583 1835 1640 modo
1868 1583 1931 1642 lis

282 1681 467 1723 coram
491 1664 702 1721 arbitris
723 1660 996 1719 tractanda
1018 1662 1153 1716 intra
1177 1659 1314 1714 duos
1336 1659 1534 1715 menses
1558 1659 1720 1717 finem
1749 1661 1926 1718 sortia-

282 1754 384 1798 tur.
463 1738 603 1801 Alias
625 1741 775 1799 liceat
797 1739 916 1816 ipsis
942 1754 1124 1796 coram
1147 1735 1465 1814 Magistratu
1488 1736 1755 1796 ordinario
1775 1739 1923 1802 litem

278 1836 541 1897 peragere
585 1818 701 1891 kk).
770 1831 773 1834 ’
855 1895 861 1898 ῃ
1189 1832 1191 1834 ’

443 1910 586 1967 XVI.
627 1910 810 1968 Solent
835 1906 997 1967 hodie
1030 1905 1355 1965 conditiones
1383 1906 1660 1965 nonnullae
1689 1907 1750 1979 ll)
1781 1905 1922 1977 addi,

277 2008 414 2066 quae
439 1987 606 2044 videri
630 1990 838 2063 possunt
862 1991 914 2044 in
953 1986 1240 2061 exemplari
1262 1986 1506 2043 Polizzae
1527 1986 1639 2044 huic
1670 1988 1920 2054 Dzffiwa«

276 2074 405 2126 tioni
429 2064 660 2123 adiettae
675 2065 773 2137 fitb
801 2071 866 2122 Ν.
891 2085 925 2120 1.

450 2157 615 2213 XVII.
654 2155 893 2214 Adscribi
915 2173 1128 2231 quoqne
1148 2153 1324 2223 debet,
1346 2151 1469 2229 quid
1491 2153 1796 2213 Affecurato
1820 2170 1921 2232 per

273 2238 610 2313 nuperrimas
638 2234 811 2290 literas
842 2233 908 2289 de
936 2237 1054 2289 naui
1079 2233 1281 2290 constet
1320 2238 1480 2301 mm).

454 2328 643 2384 XVIII.
682 2328 924 2401 Denique
946 2324 1268 2381 subscribunt
1301 2324 1668 2383 assecuratores
1700 2324 1791 2383 fiio
1819 2343 1916 2384 no-

273 2404 418 2464 mine
442 2423 565 2461 cum
588 2404 914 2481 expressione
935 2406 1537 2478 quantitati3,quousque
1555 2404 1851 2477 periculum
1862 2408 1917 2463 in

273 2483 324 2539 fi:
347 2485 615 2555 recipiunt.
698 2484 754 2538 In
779 2482 877 2538 hac
912 2497 1042 2537 vero
1080 2477 1448 2552 subscriptione
1474 2496 1580 2535 non
1610 2481 1916 2553 attenditur,

275 2561 395 2634 quis
422 2562 583 2632 prius.
610 2557 692 2614 vel
717 2559 975 2634 posterius
993 2553 1336 2630 subscripserit
1359 2600 1371 2622 ,
1407 2553 1491 2612 sed
1518 2574 1702 2616 omnes
1725 2575 1916 2636 aequa-

276 2635 348 2702 les
376 2635 579 2699 suntad
607 2636 861 2698 damnum
884 2655 989 2715 pro
1008 2652 1118 2696 rata
1141 2631 1523 2710 fixs'cipiendurn
1553 2642 1669 2712 nn).

1790 2758 1838 2819 a)
1861 2752 1914 2811 in
