2253 2991
768 79 770 83 ’
846 94 1443 161 DEPOL1ZZA.
1641 103 1647 108 ·
1877 121 1958 182 29

295 215 636 292 potiffimum
677 237 742 275 ex
787 217 1127 276 illustriorum
1171 218 1576 278 ordinationum
1610 218 1952 297 praestriptm

306 294 497 362 vsuue,
527 297 960 372 frequentantur,
994 296 1206 354 vberius
1231 298 1607 372 perlustremus
1626 343 1640 368 ‚
1674 303 1729 357 in
1760 299 1952 375 quibus

301 372 484 430 Illustr.
517 372 943 430 STRYCKII
981 378 1054 446 a)
1091 393 1196 451 ego
1227 374 1451 432 ductum
1483 377 1665 452 stquar
1688 421 1703 446 ,
1741 376 1951 435 haustas

299 468 469 526 porro
494 466 547 508 et
569 451 778 509 aliunde
806 449 1196 510 obseruationes
1219 458 1272 512 in
1294 456 1411 511 loco
1426 453 1714 512 additurus·
1793 453 1950 513 Inferi

306 532 483 605 itaque
671 546 674 547 ⁷
1707 545 1711 550 ’
1913 576 1916 581 ,

453 608 484 663 Ι.
523 606 755 663 Polizzis
779 604 941 665 debet
980 625 1177 665 nomen
1207 607 1533 667 assecurantis
1558 610 1640 667 vel
1663 610 1950 667 affecuran·

293 687 450 751 tium,
482 684 532 752 si,
558 700 614 740 vt
651 684 764 741 fieri
799 685 1108 760 frequenter
1141 685 1290 751 solet,
1313 705 1373 742 ac
1400 705 1691 763 propterea
1717 687 1950 762 expedit,

291 771 361 819 ne
387 767 475 818 vni
498 777 664 820 totam
689 765 862 819 nauim
883 763 1445 821 ali'ecurantieueniens
1469 766 1763 840 periculum
1786 767 1947 822 nimis

295 838 605 897 damnosum
657 840 717 897 fit
764 840 844 910 b),
883 841 1195 900 aliecuratus
1244 842 1425 916 plures
1478 844 1604 900 istos
1654 847 1915 917 acceperit
1939 868 1951 897 :

285 934 592 993 quanquam
629 917 891 976 ordinarie
916 923 1143 977 nominis
1177 921 1307 976 haec
1329 920 1586 995 expreffio
1608 939 1706 998 per
1743 921 1944 980 relatio-

285 1012 414 1052 nem
442 1012 650 1053 tantum
680 995 747 1051 ad
777 995 1207 1072 subscriptionem
1227 997 1343 1054 fieri
1378 998 1503 1055 solet
1542 1004 1625 1072 c).

311 1122 314 1127 .
448 1075 505 1129 11.
542 1077 860 1149 Apponitur
886 1093 1086 1132 nomen
1118 1076 1353 1151 magistri
1375 1080 1520 1132 nauis
1543 1076 1623 1149 d),
1663 1074 1841 1133 addito
1861 1077 1943 1131 in-

281 1150 500 1209 terdum
515 1166 567 1207 et
582 1151 700 1208 loco
723 1151 987 1218 domicilii,
1017 1152 1105 1208 vbi
1132 1153 1346 1209 habitat.
1371 1155 1590 1210 Nomen
1605 1169 1791 1210 nautae
1806 1153 1944 1222 ideo,

285 1233 539 1305 quoniam
564 1233 656 1286 vni
680 1229 816 1304 plus,
842 1230 987 1286 alteri
1013 1233 1190 1287 minus
1214 1231 1289 1287 est
1302 1229 1534 1287 scientiae
1556 1235 1942 1305 nauticaesquo

282 1307 362 1374 fit,
392 1321 452 1363 vt
475 1307 864 1378 affecuratoreS‚
891 1307 974 1363 vel
1003 1307 1274 1378 facilioreS‚
1291 1307 1372 1364 vel
1395 1307 1708 1366 difficiliores
1737 1308 1832 1364 fint
1871 1306 1940 1363 ad

284 1385 432 1442 hunc
450 1384 786 1442 contractum
812 1385 1105 1442 ineundum
1139 1392 1196 1457 e)
1221 1407 1235 1448 ς
1274 1380 1595 1443 domicilium
1630 1403 1759 1442 vero
1780 1427 1793 1451 ,
1819 1398 1878 1440 vt
1900 1383 1938 1441 si

281 1462 428 1520 forte
451 1462 643 1538 aliquid
665 1477 852 1519 contra
881 1461 1115 1519 officium
1145 1464 1248 1519 siue
1283 1462 1408 1519 boni
1435 1466 1558 1531 viri,
1594 1463 1698 1520 siue
1730 1476 1938 1531 nautae,

281 1543 595 1611 committat,
616 1539 985 1596 assecuratores
1023 1538 1179 1596 sciant
1204 1584 1217 1608 ‚
1244 1557 1480 1614 quonam
1517 1543 1568 1595 in
1591 1540 1711 1595 loco
1737 1556 1940 1613 oppor-

284 1615 416 1674 tune
441 1619 713 1674 conueniri
743 1616 901 1692 possit
925 1659 941 1686 ‚
965 1617 1031 1674 ad
1064 1617 1317 1674 damnum
1352 1616 1592 1673 videlicet
1615 1659 1630 1685 ‚
1657 1615 1806 1691 culpa
1827 1618 1939 1681 eius

285 1694 470 1752 datum
494 1695 554 1762 f)
593 1694 998 1763 resarciendum,
1020 1697 1131 1753 imo
1153 1693 1424 1752 interdum
1453 1694 1519 1752 ad
1545 1711 1776 1769 poenam
1802 1711 1937 1769 quo·

282 1789 389 1848 que
414 1777 654 1848 corporis
679 1771 995 1830 adflictiuam
1035 1777 1116 1849 g).
1662 1789 1664 1791 ’

438 1850 518 1905 lll.
543 1852 764 1907 Nomen
800 1869 864 1906 na
875 1853 951 1906 uis
982 1850 1078 1921 h),
1116 1848 1344 1924 (habent
1364 1850 1531 1917 enim,
1554 1863 1614 1905 vt
1632 1865 1717 1904 res
1741 1844 1937 1904 notiffi-

283 1943 388 1994 ma,
413 1928 569 1983 etiam
594 1945 754 1983 naues
778 1926 862 1983 sua
887 1929 1128 1998 nomina)
1155 1930 1198 1998 i)
1234 1930 1288 1982 in
1315 1925 1432 1982 vsus
1453 1928 1698 1990 vari05,et
1716 1923 1937 1998 quidem

281 2003 319 2060 fi
341 2005 489 2059 nauis
511 2002 576 2075 k)
609 2004 944 2072 aflecuratur‚
965 2021 1074 2059 non
1102 2002 1286 2071 solum,
1309 2016 1369 2057 vt
1391 2000 1456 2057 de
1475 2004 1595 2058 naui
1616 2000 1934 2075 ipsa,verum

279 2087 454 2148 etiam,
480 2095 538 2138 vt
564 2079 631 2136 de
653 2099 718 2138 eo
741 2099 783 2136 e.
804 2099 834 2135 c
879 2081 1108 2144 constet,
1132 2098 1198 2136 an
1218 2081 1364 2136 nauis
1390 2077 1450 2134 fit
1474 2077 1626 2135 vetus
1647 2122 1662 2148 ,
1682 2094 1748 2134 an
1770 2094 1932 2143 noua,

278 2176 346 2215 an
378 2158 624 2223 velociUS‚
647 2176 714 2215 an
737 2157 934 2214 tardius
960 2157 1072 2212 vela
1097 2157 1267 2223 saciat,
1292 2170 1346 2211 et
1369 2154 1436 2210 sic
1457 2173 1641 2229 porro,
1717 2152 1933 2231 Quodsi

277 2236 346 2292 de
369 2235 658 2302 mercibUS,
684 2253 812 2311 quas
836 2250 976 2292 certa
1003 2236 1149 2290 nauis
1170 2233 1334 2301 vehit,
1368 2231 1667 2290 assecuratio
1691 2230 1826 2288 fasta
1838 2231 1933 2300 est,

277 2328 333 2368 et
355 2331 576 2381 merces,
603 2329 801 2371 mutata
829 2315 968 2380 naui,
991 2315 1044 2367 in
1070 2311 1220 2367 aliam
1245 2327 1609 2385 reponuntur,
1632 2308 1806 2366 secuto
1828 2308 1931 2374 hu·

275 2391 357 2445 ius
380 2391 658 2467 naufragio
678 2391 990 2447 allecurator
1017 2407 1126 2447 non
1149 2403 1363 2446 tenetur
1388 2386 1444 2456 l),
1483 2387 1576 2444 nili
1606 2400 1659 2444 et
1694 2388 1746 2442 in
1776 2387 1930 2455 aliam

273 2470 451 2525 neuim
477 2487 559 2524 eae
584 2467 931 2524 transferendi
959 2466 1173 2522 facultas
1198 2484 1296 2540 per
1317 2463 1590 2522 Polizzam
1613 2464 1732 2521 data
1745 2464 1804 2520 sit
1830 2467 1929 2536 m).

315 2604 319 2608 ,
420 2546 509 2602 IV.
552 2545 775 2602 Nomen
804 2545 907 2601 loci
930 2564 958 2602 a
986 2562 1112 2621 que,
1138 2543 1323 2601 scilicet
1359 2541 1449 2601 vbi
1486 2545 1634 2601 nauis
1667 2541 1765 2599 fuit
1788 2559 1929 2601 one-

282 2636 392 2680 rata
430 2629 507 2694 n).

427 2703 489 2762 V.
518 2701 742 2761 Nomen
762 2699 864 2761 loci
888 2698 954 2760 ad
978 2714 1155 2833 quens]
1171 2703 1265 2770 o);
1298 2697 1819 2776 quodfiasi‘ecuratus
1832 2713 1926 2751 no-

641 2792 643 2794 ·
1189 2789 1221 2853 3
1474 2797 1475 2801 ¹
1802 2790 1928 2831 men
